3067 4875
229 332 273 402 28
535 345 829 395 aereosorrrcorr
855 345 1023 396 ιιιιιιιιι.

231 493 311 557 tiam
324 488 514 565 editionem,
529 508 629 572 quam
644 493 900 573 praeparaverat)
919 488 1003 554 nihil
1015 490 1165 574 iniquius
1177 490 1320 575 inscitia,

231 591 413 675 presertim
437 590 665 673 paedagogica,
691 598 861 656 eteorum
888 592 1053 673 inprimis,
1078 591 1137 674 qui
1159 591 1322 655 elementa

232 690 465 757 mathematica
478 690 615 756 docent:
640 692 710 774 qui,
724 710 803 756 eum
824 692 905 756 olim
919 691 1019 755 nobis
1034 693 1173 757 loetione
1190 690 1322 757 Manilii

233 792 472 869 interdixerint,
488 792 575 874 quod
598 792 663 857 sibi
684 792 767 857 solis
789 792 935 875 Epoptis
956 792 999 856 od
1022 792 1081 857 illa
1102 793 1203 875 adyta
1223 812 1324 876 pene-

234 902 322 958 trare
344 893 397 959 sas
422 898 549 975 nutent,
572 893 691 957 vellem
720 912 787 957 aon
811 891 905 957 illem
930 893 1073 975 prienam
1097 893 1323 975 astrologiam,

235 1012 336 1078 quam
351 1013 391 1059 ne
406 992 440 1058 in
457 994 581 1059 somnis
597 993 728 1078 quidem
745 993 984 1070 vicemomes
999 983 1178 1061 dictionem
1194 998 1324 1057 tautam

237 1096 368 1163 Manilii
382 1097 685 1178 interpretarentur:
700 1100 927 1179 argumentum
942 1096 1054 1179 operis
1069 1095 1224 1173 dicerent,
1235 1114 1326 1159 men·

237 1207 303 1263 tem
313 1195 474 1261 Auctoris
490 1196 704 1277 declararent,
714 1198 774 1281 qni
787 1196 867 1262 nihil
879 1197 986 1279 magis
999 1196 1033 1260 iu
1048 1195 1178 1262 deliciis
1191 1196 1324 1275 nubent,

237 1318 337 1383 qaam
352 1298 469 1365 latine
484 1298 626 1365 nescire.
670 1297 751 1363 lloc
761 1297 850 1363 euim
862 1298 1145 1380 grammaticorum
1159 1305 1222 1363 ast.
1258 1296 1325 1363 Sed

237 1401 321 1465 bene
342 1399 498 1483 estquod
518 1406 632 1465 noster
651 1398 811 1465 Maniliae
830 1399 1055 1481 grammaticis
1070 1399 1155 1477 istis,
1170 1419 1255 1482 quos
1270 1417 1328 1462 vo·

198 1554 201 1563 .
239 1505 326 1575 cant,
350 1520 435 1581 opus
459 1500 587 1567 habuit.
632 1501 719 1565 Nem
745 1508 837 1565 certe
860 1501 904 1564 ab
927 1499 1118 1583 hujusmodi
1141 1500 1328 1580 Astrologis

239 1600 333 1665 nulla
353 1619 432 1683 spes
453 1601 574 1669 salutis
596 1603 776 1683 affulgebat
796 1608 864 1665 tam
885 1600 972 1665 male
993 1608 1135 1682 accepto
1151 1600 1280 1677 Putre,
1293 1604 1330 1663 et

240 1702 284 1767 ab
299 1701 478 1771 innumeris
492 1702 621 1769 mendis
635 1710 668 1768 et
681 1704 874 1788 trajectione
887 1722 953 1767 nou
967 1703 1074 1767 solum
1094 1704 1207 1780 unius,
1222 1700 1281 1766 sod
1295 1709 1331 1765 et

241 1802 457 1887 plurimorum
481 1822 656 1870 romaum:
679 1805 770 1887 quod
800 1810 924 1869 mutam
954 1805 1236 1887 perturbationem
1267 1801 1332 1867 toti

241 1903 336 1987 operi
357 1905 525 1981 attulerat,
547 1914 585 1969 ut
607 1915 708 1970 antea
728 1926 780 1976 ue,
794 1906 877 1989 quid
893 1905 995 1968 vellet
1008 1904 1142 1987 quidem
1157 1904 1331 1979 Manilius,

243 2003 327 2071 satis
346 2012 525 2071 constaret.
570 2007 690 2091 Itaque
713 2004 950 2090 ignoscendum
972 2005 1121 2069 sinemo
1139 2005 1333 2088 scriptorem

246 2104 337 2171 illum
361 2107 578 2189 intelligebat,
601 2128 697 2191 qoem
724 2110 886 2190 attingere
912 2106 1035 2171 mendo
1064 2124 1130 2169 non
1160 2105 1334 2169 sinebant:

244 2206 327 2269 boui
341 2207 590 2286 consulendum,
607 2208 750 2273 sinemo
769 2209 956 2290 attingebat,
970 2226 1068 2289 qoem
1088 2224 1155 2270 non
1174 2204 1335 2287 intellige·

237 2304 304 2400 ¹bat
313 2348 419 2371 ......
431 2307 530 2373 Certe
543 2308 617 2393 ejus
630 2307 795 2393 (Manilii)
814 2310 899 2373 liber
919 2308 1044 2391 primus
1068 2308 1120 2371 ita
1141 2306 1236 2371 utilis
1254 2304 1336 2369 ario·

246 2406 451 2474 lescentibns
465 2408 594 2476 futurus
609 2416 669 2489 est,
689 2418 728 2476 ut
750 2412 794 2476 ed
810 2410 975 2496 spherica
988 2408 1150 2472 elementa
1164 2406 1232 2472 illis
1245 2406 1335 2472 viam

247 2509 373 2574 munire
387 2509 529 2575 debeat!

292 2607 404 2672 Unum
427 2620 617 2693 superasset
643 2613 740 2677 nobis
769 2610 1007 2694 prestandum,
1029 2616 1065 2673 ut
1085 2608 1191 2672 totius
1211 2607 1336 2691 Operis

248 2713 383 2778 baevem
398 2712 583 2796 synopsim,
591 2713 654 2778 hoe
670 2719 720 2776 ast
734 2717 951 2795 conspectum
966 2711 1021 2775 lrio
1036 2710 1203 2773 dmemus:
1222 2729 1337 2773 verum

250 2816 332 2898 quie
353 2814 475 2898 cuique
495 2814 579 2880 libro
601 2815 768 2898 peculiare
788 2823 1015 2897 argumentum
1036 2809 1256 2894 praefiximus,
1270 2831 1337 2875 non

251 2925 306 2984 eat
319 2935 376 2982 cur
390 2918 507 2984 eadem
523 2916 566 2983 sd
580 2935 739 2983 nauseam
751 2916 894 2982 sortmse
906 2921 1109 2997 repetamus.
