3067 4875
499 344 792 394 isrnononrcorr
817 342 982 393 usuram.
1238 327 1282 392 27

283 481 350 548 Sed
365 482 445 547 mibi
461 485 653 568 templorum
668 490 793 551 tautum
808 504 894 549 nunc
906 487 982 569 jura
994 492 1169 565 canentur:

281 583 367 649 Mox
379 587 486 649 veniet
500 586 643 650 mixtura
656 586 728 649 suis
742 605 814 649 curu
828 587 950 649 viribus
964 587 1086 651 omnis.
1109 604 1168 649 ιιι.
1182 586 1258 653 583.

195 682 321 749 Verum
333 686 418 750 hauc
431 691 556 768 partem
569 694 629 751 aut
641 705 707 750 non
719 687 874 763 absolvit,
887 695 947 751 aut
961 687 990 749 si
1006 688 1151 769 scripsit,
1163 686 1204 750 ad
1218 708 1279 753 nos

195 804 300 869 nsque
322 786 379 850 illa
397 804 463 850 non
480 787 642 870 pervenit.
686 786 933 870 Conscripsisse
955 784 1151 853 autemnon
1172 788 1280 851 solnm

192 886 259 966 ipsi
283 886 383 951 toties
403 888 578 970 pollicenti
600 888 797 953 credendum
820 896 891 966 est;
920 887 982 953 sed
1008 887 1152 952 Firmino
1178 891 1280 953 etiam

193 985 285 1049 fideli
306 986 396 1052 illius
416 990 596 1071 interpreti,
617 991 675 1073 qni
696 990 827 1053 decreta
850 990 1060 1072 planetarum
1079 997 1279 1071 prosecutus
1407 1046 1411 1055 .

193 1092 247 1151 est
268 1086 403 1152 totidem
418 1089 600 1171 capitibus,
614 1097 697 1173 quot
717 1090 830 1155 retulit
849 1090 1089 1174 apotelesmata
1109 1092 1279 1172 signomm

192 1188 359 1271 exipsius
375 1188 507 1254 Manilii
523 1190 642 1256 verbis.
1089 1194 1093 1201 “

236 1287 339 1365 Quod
354 1296 464 1355 autem
479 1297 611 1375 spectat
632 1293 678 1357 ad
698 1292 838 1376 primam
852 1296 989 1375 partem,
1004 1311 1079 1357 eam
1100 1281 1164 1356 sex
1185 1294 1279 1359 libris

191 1390 402 1472 complexam
417 1410 491 1455 esso
512 1412 609 1457 nemo
630 1412 696 1477 uon
711 1394 823 1473 videt;
846 1411 986 1475 quorum
1005 1386 1114 1458 tamen
1129 1396 1277 1477 quinque

194 1496 322 1574 tanturn
344 1501 536 1577 supersunt,
557 1514 619 1559 nec
637 1494 663 1558 ii
677 1493 810 1577 quidem
825 1512 939 1557 omues
958 1494 1088 1574 integri.
1132 1493 1278 1572 Quintus
1368 1481 1370 1484 ⁵

193 1591 280 1655 enim
303 1593 386 1657 liber
408 1601 544 1659 bencus
566 1602 620 1659 est
644 1596 679 1659 in
702 1594 881 1677 postremis
903 1594 956 1657 sui
978 1595 1140 1677 partibus,
1161 1595 1195 1658 in
1211 1614 1279 1679 quo

192 1700 378 1757 ceterorum
393 1696 553 1761 clarorum
567 1696 714 1761 siderum
736 1701 871 1759 coortus
893 1693 936 1758 ad
958 1694 1087 1759 zodiaci
1110 1696 1277 1776 signorum

192 1798 298 1857 ortum
319 1794 533 1861 desideratur.
575 1795 701 1861 Sextus
715 1815 796 1860 vero
809 1794 896 1858 liber
914 1794 956 1858 de
971 1794 1148 1859 eorundem
1170 1795 1278 1859 claro·

191 1912 262 1956 rnm
285 1895 431 1961 siderum
454 1916 576 1961 occasu
602 1897 645 1962 ad
670 1898 802 1962 zodiaci
823 1898 992 1978 signorum
1015 1914 1172 1959 occasum
1196 1914 1278 1959 sane

190 1993 264 2071 suit,
288 2014 364 2060 cum
387 1996 463 2061 libri
485 1999 594 2082 quinti
615 1999 709 2063 initio
733 2016 804 2062 rem
829 1998 928 2061 istam
955 2016 1050 2080 aeque
1079 1996 1279 2078 polliceatur

191 2093 369 2162 Manilius:

234 2196 322 2275 Quae
336 2200 415 2264 mibi
429 2220 488 2283 per
501 2202 653 2285 proprias
667 2202 755 2265 vires
770 2207 847 2265 sunt
859 2205 980 2267 cuncta
992 2199 1151 2264 canenda.

234 2298 327 2377 Quid
344 2303 477 2367 ualeant
489 2311 574 2379 ortu,
590 2304 670 2386 quid
686 2323 763 2369 cnm
779 2309 966 2383 merguntur
981 2301 1015 2363 in
1029 2300 1149 2364 undas.
1173 2317 1208 2361 v.
1222 2300 1276 2365 27.

191 2399 297 2483 Igitur
318 2402 360 2466 ad
384 2405 528 2487 quinque
551 2404 747 2487 superstites
774 2401 881 2466 libros
904 2401 977 2485 jam
999 2406 1213 2478 revertamur,
1235 2400 1277 2464 de

191 2503 313 2583 quibus
327 2506 374 2568 ita
388 2506 474 2569 bene
488 2507 667 2588 loquuntur
679 2504 790 2569 multi:
811 2503 870 2568 sed
884 2503 1032 2585 inprimis
1044 2501 1067 2566 J
1070 2503 1167 2566 unius
1181 2502 1277 2566 Bitu·

191 2603 266 2686 rigis
280 2605 464 2671 monachus
477 2607 512 2670 iu
526 2605 681 2689 Epistola
695 2606 739 2670 ad
755 2605 801 2669 D.
816 2604 921 2669 Heur.
937 2602 1113 2667 Smetium.

233 2705 419 2772 ‘Manilius
443 2715 497 2771 est
516 2709 595 2792 styli
617 2709 790 2791 gravitate,
815 2706 977 2772 sermonis
1002 2703 1217 2787 proprietate,
1242 2709 1278 2768 et

190 2808 423 2874 commoditate
435 2810 617 2892 argumenti
630 2810 741 2874 multis
755 2807 856 2872 facila
869 2803 1116 2890 praeferendus!
1147 2803 1274 2868 lterum

189 2908 270 2973 ibid.
316 2909 451 2994 ‘Atque
474 2912 509 2974 in
525 2911 584 2976 illa
598 2909 697 2994 po'dsi
714 2909 913 2983 Maniliana,
927 2914 965 2970 ut
983 2906 1121 2987 gratiam
1137 2903 1211 2986 ejus
1225 2911 1276 2968 ta·

190 3028 296 3082 ceam,
318 3012 353 3076 id
378 3031 439 3094 ego
463 3031 591 3076 summo
613 3030 715 3094 opere
739 3029 815 3074 sum
839 3008 1033 3082 admiratus,
1054 3004 1144 3088 quod
1168 3023 1276 3068 mores

188 3110 356 3176 bominum
379 3131 421 3176 ea
445 3113 615 3194 grauitate,
634 3112 805 3194 dignitate,
827 3101 1062 3174 commoditate
1085 3124 1107 3169 a
1131 3105 1274 3170 Manilio

189 3214 338 3296 expressi
353 3219 441 3292 sunt,
450 3233 549 3296 quarn
560 3214 620 3276 rix
635 3214 755 3277 Orator
768 3219 806 3275 et
821 3210 929 3275 Poeta
943 3207 1034 3272 ullus
1050 3207 1274 3289 adaquarent.

188 3311 327 3380 ludicio
347 3335 422 3380 meo
443 3315 594 3391 breviter,
616 3315 770 3396 graviter,
793 3313 1009 3393 suaviterque
1030 3307 1153 3384 omnia,
1173 3314 1211 3370 nt
1232 3306 1274 3370 ad

189 3435 284 3481 nsum
301 3417 610 3500 institutionemque
624 3417 771 3480 omnium
786 3407 1078 3480 commodissime!
1142 3434 1145 3441 ·

230 3518 340 3583 Lilius
352 3519 452 3583 etiam
466 3516 647 3601 Gyraldus,
660 3517 811 3600 quamvis
833 3515 898 3578 boc
922 3512 1019 3595 Opus
1042 3529 1110 3573 non
1124 3507 1275 3573 videatur

188 3620 364 3684 admodum
388 3617 539 3696 laudare,
563 3637 628 3681 non
650 3617 763 3700 potuit
788 3622 912 3688 tamen,
944 3611 1027 3692 quin
1053 3608 1117 3673 boc
1142 3625 1275 3672 carmen

189 3717 407 3785 Manilianum
443 3718 693 3784 disertissimum
726 3734 801 3778 esse
835 3710 1081 3796 praedicaverit.
1126 3705 1275 3786 Scaliger

189 3827 309 3900 summ,
325 3823 381 3886 cui
396 3821 616 3886 Manilianum
630 3817 695 3882 boc
711 3815 807 3899 Opus
821 3814 881 3880 vix
898 3810 1077 3877 admodum
1097 3806 1177 3870 olim
1195 3822 1274 3886 pro·

187 3922 256 3987 bari
277 3924 388 3988 visum
409 3928 472 3998 est,
493 3937 629 3984 causam
658 3914 869 4000 improbandi
889 3930 1023 3978 carmen
1043 3909 1108 3972 boc
1140 3901 1274 3968 taudem

188 4043 249 4088 non
265 4027 302 4089 in
318 4023 449 4090 Manilii
462 4020 673 4105 imperitiam,
685 4016 746 4082 sed
757 4017 791 4080 iu
802 4016 963 4081 lectorum
974 4008 1142 4074 inscitiam
1156 4003 1274 4068 merito

189 4126 310 4209 rejecit.
354 4123 470 4191 ‘Nibil
484 4122 582 4200 euim,
600 4119 726 4205 (inquit
747 4119 781 4182 iu
803 4114 938 4181 Praefat.
961 4108 1144 4174 Maniliana
1156 4101 1200 4169 ad
1214 4107 1273 4167 ter·
