3067 4875
215 336 218 340 ⁴
283 367 348 432 166
716 377 755 424 er.
780 373 932 423 nenium

284 521 339 587 An
353 521 475 586 molins
489 522 600 583 monet
614 517 672 582 ille
687 516 782 595 tides,
795 535 855 600 per
869 515 995 580 saecnlu
1008 514 1123 598 prisce

286 623 370 687 Illac
385 621 476 685 Sulis
490 638 595 702 equus
610 617 753 684 diversis
770 616 926 681 cursibus
941 615 1019 690 isse,

286 721 399 806 Atque
413 721 511 786 uliam
527 719 657 784 trivisse
671 719 782 783 rium:
802 717 1002 799 longumque
1017 734 1078 799 per
1092 733 1202 780 nevum

286 823 436 888 Exustus
451 821 561 900 sedes,
576 821 780 903 incoctuque
797 819 906 884 sidere
921 817 1062 882 flammis
1306 815 1373 880 7³⁰

287 925 474 990 Caeruleam
487 942 584 987 vorsu
599 923 750 1004 speciem
764 928 910 985 mutasse
926 918 1038 984 colore
1050 937 1059 997 ;

287 1023 505 1108 Infusumqne
518 1023 595 1088 loco
610 1025 767 1101 cinerem,
782 1021 1004 1103 mundumque
1016 1019 1194 1102 sepultum.

288 1125 396 1190 Fumo
410 1126 512 1190 etiem
527 1124 673 1209 antiquis
687 1124 731 1188 ud
746 1141 810 1186 nus
826 1121 1001 1186 descendit
1014 1121 1057 1184 ab
1073 1120 1180 1197 annis,

287 1311 396 1359 domme
409 1308 490 1369 ormi
500 1308 560 1358 ccli.
593 1306 714 1369 Nemosid
722 1307 850 1355 meliorest
861 1307 903 1354 illu
913 1306 992 1368 opinio
1003 1305 1028 1353 irs
1038 1305 1143 1367 «stipsis
1153 1302 1301 1366 temporibus,
1312 1303 1375 1352 scili

288 1381 324 1423 cet
336 1388 405 1437 rosor
414 1373 477 1421 Solis
488 1386 622 1434 progreem
636 1387 684 1422 erse
700 1372 774 1420 wiis
789 1370 894 1419 mentm
908 1384 951 1432 per
966 1369 1032 1419 illm
1048 1370 1111 1417 oium
1128 1370 1241 1424 luciensis,¹
1258 1373 1281 1416 et
1297 1373 1376 1428 posteo

287 1439 390 1486 munes
406 1439 472 1486 uliud
490 1437 555 1493 iter5
566 1442 595 1485 et
612 1451 655 1496 per
673 1435 810 1483 distereerm
821 1439 912 1496 tempus
928 1435 989 1481 locos
1008 1433 1061 1480 illos
1077 1433 1129 1481 coeis'
1146 1434 1241 1480 sdnstos
1251 1430 1337 1490 tonse,
1352 1437 1375 1480 et

289 1503 371 1551 stelles
387 1500 459 1562 ipsse,
470 1505 628 1549 concremes
638 1501 733 1561 igeidss
748 1499 814 1557 solis,
830 1499 965 1546 immolasse
973 1498 1070 1546 colerere
1085 1496 1376 1551 centumcellensium

288 1579 377 1628 quoque
386 1566 471 1623 colere,
482 1570 505 1613 et
516 1565 617 1614 decrero
626 1577 744 1626 supereum
754 1563 868 1622 solereio
879 1561 968 1611 coccii
1010 1565 1054 1614 rte,
1065 1564 1090 1609 et
1100 1561 1180 1609 roelom
1191 1560 1258 1621 quusi
1271 1559 1375 1607 letemu-

290 1635 358 1678 tssrt
390 1629 482 1678 Fuisti
491 1644 579 1692 ossone
588 1628 652 1677 mit
661 1631 694 1677 ed
702 1641 745 1676 sos
757 1626 867 1690 oprimis
877 1627 975 1686 tempori
1019 1660 1027 1688 ,
1039 1625 1200 1680 Philerotem,
1209 1630 1297 1672 uectem
1308 1636 1377 1672 cerm

744 1767 925 1791 mmoumo

289 1859 1163 1984 murerumneriri-rm·-irrtn
1173 1871 1291 1977 “rtet
1302 1864 1377 1977 ei

292 1999 390 2046 ‘Recte
401 1998 438 2048 sic
450 1997 553 2060 quidem
564 1949 790 2049 (loddgcmlslsc.
802 1968 830 2046 e’t
841 1999 910 2060 Lips.
921 1948 989 2061 quintil
998 1994 1098 2046 temetsi
1108 1945 1259 2043 Scetssrtsm
1272 1993 1378 2056 plicuit,

292 2062 318 2110 iu
337 2069 437 2111 textum
454 2068 539 2110 temen
557 2063 673 2126 recipere
692 2077 768 2112 susus
788 2075 838 2110 nun
856 2069 903 2111 cst.
937 2060 1010 2109 Vidlt
1029 2060 1106 2122 enirn,
1123 2057 1379 2108 constentereditnm

291 2125 369 2175 ruisse
379 2125 486 2175 renides
498 2126 607 2186 diocesis,
617 2141 693 2189 qoem
705 2126 843 2177 lectionem
854 2124 970 2174 reserum
981 2125 1032 2174 llis.
1046 2123 1130 2173 Puris.
1150 2131 1177 2171 et
1194 2121 1311 2185 Exempl.
1328 2121 1379 2168 Re-

292 2189 371 2253 glom.
390 2191 506 2240 cerritus
516 2204 564 2253 per
573 2192 709 2255 euellsgen
719 2191 820 2240 numeri
832 2189 928 2240 dictum
940 2203 988 2250 pro
998 2202 1078 2237 corre.
1087 2187 1193 2236 diuersus
1203 2194 1245 2236 est
1255 2188 1304 2248 osi.
1314 2201 1330 2233 o
1339 2185 1380 2234 m's

292 2254 545 2318 depectmtmtrtsc
561 2260 668 2305 muru
683 2260 726 2305 est.
758 2255 803 2304 sle
814 2254 906 2318 virgil.
922 2253 978 2302 AEn.
991 2267 1016 2301 v.
1030 2256 1085 2302 166.
1118 2251 1176 2303 Quo
1192 2249 1379 2300 disereeeebisl

291 2318 390 2368 Sestius
410 2320 544 2382 eleganter
565 2317 650 2368 Achil.
665 2333 685 2369 r.
701 2323 759 2369 666.
775 2320 856 2369 ‘linc
869 2319 931 2368 illue
941 2318 1043 2367 diverse
1054 2322 1140 2365 mente
1151 2313 1267 2364 volutet.¹
1294 2314 1379 2365 Quem

293 2385 421 2447 copiosius
432 2383 549 2449 depingit
561 2383 652 2447 vtrgtt.
663 2383 764 2434 AEneid·
776 2397 815 2433 rr.
827 2387 884 2433 286.
896 2397 934 2448 sq.
951 2385 959 2411 ⁸
973 2381 1057 2448 Atque
1073 2380 1183 2430 enimnnr
1201 2393 1267 2428 nnuc
1278 2379 1327 2427 lerrc
1337 2389 1380 2426 ce·

292 2449 373 2498 terem
390 2464 458 2499 nuuc
474 2449 567 2498 dividit
585 2450 706 2511 illec,.1n
726 2458 863 2514 pestesque
879 2449 948 2512 repit
959 2446 1054 2509 rerles,
1070 2460 1166 2511 perque
1183 2447 1266 2494 cmnle
1277 2441 1380 2493 remet'

785 2590 892 2643 ΝΟΜ

291 2690 319 2739 in
332 2687 452 2736 nebulum
463 2685 570 2749 eirism,
580 2696 657 2751 coget
675 2689 701 2739 in
718 2703 821 2752 cuneos,
859 2687 962 2739 tertium
975 2687 1128 2737 seutentlem
1139 2684 1171 2736 de
1182 2686 1277 2735 circulo
1287 2685 1381 2741 lectec.

292 2764 345 2813 i.e·
360 2764 543 2813 condeueetsc
558 2764 713 2826 comprimet
727 2761 819 2814 funde·
859 2771 905 2813 eut
926 2762 1040 2813 subtelam
1071 2764 1167 2828 potius,
1193 2759 1282 2823 refert,
1304 2774 1381 2825 quem

293 2837 363 2886 mlne
384 2837 450 2893 culi,
471 2838 519 2887 leuc
540 2844 591 2892 est,
610 2838 696 2887 coeloe.
727 2838 818 2896 immo,
858 2838 937 2890 Orld.
958 2839 1068 2888 Metem.
1088 2852 1119 2887 n.
1139 2836 1249 2901 elegeuti
1265 2837 1379 2885 rerrnius

293 2912 742 2963 nullusessettimurillelromimrm.
776 2915 818 2964 'l'i-
857 2917 999 2965 contexnit.
1032 2910 1381 2977 Febuletisuutlglturl’od-

293 2996 364 3038 ment
372 2989 439 3038 enlm
451 3002 483 3037 ne
493 2988 652 3038 dissolutor
662 2990 753 3038 culum
771 3004 817 3053 per
858 2999 901 3048 te,
911 2990 1078 3041 Plesitoutem
1086 2990 1210 3052 Apollinis
1218 3003 1250 3038 es
1259 2988 1382 3051 Clymene

292 3064 361 3112 lllsm
373 3063 572 3113 comminarem.
603 3063 630 3113 Sl
645 3078 707 3127 ergo
716 3066 816 3115 lectens
858 3078 958 3128 netum,
968 3082 1024 3117 cum
1037 3067 1086 3117 eibi
1096 3066 1297 3130 Epeplrueioris
1305 3080 1337 3113 ex
1349 3064 1381 3115 Io

294 3138 447 3201 comprimet
458 3139 544 3195 coelos,
556 3139 683 3202 quomodo
693 3139 818 3191 dissolve·
857 3152 933 3193 ustus
943 3144 1082 3207 objecisset
1093 3141 1157 3193 t'elsu
1167 3144 1219 3191 sole
1237 3150 1310 3207 petre
1328 3141 1383 3204 glo·

294 3213 399 3262 rentur?
414 3212 497 3261 Immo
507 3213 679 3263 solidarentur
687 3216 776 3277 megis.
858 3210 928 3280 sieri,
939 3219 965 3267 ld
978 3233 1046 3281 segre
1063 3216 1195 3273 serentem,
1207 3218 1294 3266 metris
1304 3232 1382 3267 suuis

328 3292 376 3338 ⁷2⁷
396 3288 433 3338 As
443 3289 593 3352 nitendo]
606 3288 655 3337 Hit
665 3293 690 3338 θ·
702 3302 817 3355 'tt-pto·
859 3296 954 3346 adiisse
973 3296 1061 3355 solem,
1078 3302 1107 3346 ert
1122 3309 1212 3344 merrus
1231 3295 1270 3343 sui
1291 3308 1382 3357 regen·

294 3363 367 3427 punit
377 3363 515 3412 secundem
525 3362 660 3414 decircnlu
671 3364 756 3414 lecteo
765 3365 820 3429 opl-
859 3371 885 3421 dl
906 3372 947 3420 rel
969 3385 1019 3421 nno
1036 3371 1078 3421 die
1100 3377 1255 3435 percuterem
1275 3368 1382 3419 feceret·

294 3439 405 3495 utonem,
425 3452 499 3502 quem
517 3438 634 3504 inprimis
652 3447 751 3492 tntetns
779 3450 821 3494 est
859 3446 935 3499 Quod
947 3461 1005 3497 curn
1024 3449 1196 3511 impetresset.
1206 3460 1309 3495 currum
1320 3446 1382 3495 solls

295 3516 471 3566 Metrodorus.
491 3515 620 3567 Plutus.
635 3516 740 3568 Plenl.
784 3519 820 3570 tlt
859 3522 1001 3573 sucendit:
1029 3524 1074 3573 scd
1092 3524 1195 3573 insolite
1216 3530 1243 3572 et
1261 3523 1382 3587 imperito

294 3592 392 3656 quippe
407 3598 580 3655 autumarent,
596 3593 663 3643 lrenc
679 3595 819 3658 ellqueudu
859 3600 956 3663 eurtum
968 3612 1018 3649 nou
1030 3598 1237 3661 obtemperentee
1252 3600 1320 3662 equi,
1331 3612 1384 3662 qus

294 3666 373 3719 druse
385 3669 451 3718 olem
462 3669 583 3734 miteque
595 3668 717 3721 diuturno
728 3672 767 3721 sui
779 3686 819 3721 er·
859 3674 919 3724 tulit
929 3674 1051 3737 impetus,
1063 3672 1194 3723 demissius
1209 3674 1319 3723 eltluerc
1331 3674 1384 3725 dis·

294 3744 357 3794 dore
369 3744 457 3794 stelles
468 3744 502 3793 ibi
513 3757 545 3794 sc
556 3745 614 3794 coeli
632 3753 731 3809 pestem
748 3745 819 3797 illem
859 3756 976 3812 currunt,
986 3764 1016 3797 ec
1025 3750 1168 3812 presertim
1181 3748 1248 3798 illem
1258 3748 1314 3800 coeli
1323 3764 1386 3814 per·

293 3820 432 3882 inusseris;
456 3819 553 3886 quique
572 3827 671 3870 mntete
691 3822 731 3872 rie
749 3822 820 3873 inter
859 3830 911 3874 tene
933 3832 1098 3889 percurrunt,
1119 3839 1191 3888 quem
1212 3825 1303 3874 nimius
1321 3826 1384 3877 solis

294 3903 363 3945 estre
374 3896 484 3945 lecteem
500 3896 565 3944 liene
577 3895 718 3961 reliquerit,
736 3906 765 3947 ut
777 3912 818 3949 so·
858 3899 936 3949 erdor
955 3900 1070 3961 edussit;
1088 3900 1147 3949 inde
1168 3898 1255 3950 fectus
1272 3900 1385 3951 circulus

294 3969 361 4020 dlecl
373 3970 477 4021 lescleru
490 3979 649 4035 peregreret.
858 3978 969 4038 lectens,
980 3984 1007 4026 et
1020 3986 1090 4025 totns
1102 3976 1164 4025 eruit
1175 3975 1293 4027 muudus.
1313 3976 1386 4026 Hinc

325 4046 819 4110 trennouquoepsum10utum·
860 4060 945 4103 entem
965 4059 1047 4103 ortem
1066 4050 1178 4101 tenutam
1200 4050 1274 4100 istem
1304 4050 1387 4101 ducet

296 4131 346 4180 que
354 4122 426 4183 quest
436 4121 564 4172 cineribus
574 4118 716 4185 periurum.
860 4128 1017 4181 Aristotcles
1039 4130 1082 4179 De
1103 4124 1211 4188 Mundo,
1230 4126 1307 4191 quud,
1332 4140 1387 4192 quo

328 4196 375 4243 iss
392 4196 469 4246 Fessa
485 4198 565 4262 etism
582 4198 634 4261 tre]
651 4200 700 4250 His
718 4204 757 4251 1⁶.
770 4216 819 4253 ors·
860 4210 1088 4270 temporecurrurn
1099 4202 1391 4269 solisegerltPhsiton,
