3067 4875
609 372 646 419 M·
671 371 835 421 MAldlhll.
1216 358 1261 423 28
1299 436 1303 443 ⁸

180 510 266 575 serit.
311 509 398 588 Quae
412 512 528 594 opinio
551 512 650 577 nohis
664 514 788 597 placuit
812 513 870 578 lib.
886 529 928 579 rr.
942 514 985 577 de
1000 520 1070 579 arte
1091 523 1262 597 grammat.

180 630 253 694 cap.
266 611 321 677 26.
366 611 467 677 Nunc
492 613 527 676 in
550 613 684 677 alteram
712 613 820 694 magis
841 615 1039 679 senteutiam
1054 617 1261 698 propendeo.

181 712 318 793 legenti
340 713 428 777 enim
447 711 624 777 Manilium
640 715 757 779 iterum
772 715 957 798 iterumque
972 714 1118 798 Augusti
1133 722 1261 801 tempo-

180 814 270 879 ribus
284 813 412 879 videtur
425 814 619 879 convenire?

223 915 346 979 Verum
369 934 435 980 uon
459 915 598 997 estjam
623 934 682 979 cnr
704 916 747 979 de
771 916 879 981 Marci
898 914 1031 980 Manilii
1050 919 1181 983 nomine
1204 925 1264 985 aut

180 1017 383 1101 prenomine
399 1015 499 1083 etiam
514 1017 645 1081 vadent
658 1022 813 1083 auctores
832 1037 907 1082 cum
926 1018 1171 1095 Bouincontrio,
1186 1039 1263 1085 cnm

181 1117 319 1195 Crinito,
350 1124 410 1182 ant
438 1118 538 1183 etiam
567 1136 642 1182 cum
668 1117 707 1181 L.
736 1117 895 1203 Gyreldo,
918 1120 1085 1202 precipue
1113 1138 1189 1183 cum
1218 1137 1263 1184 ex

181 1219 299 1283 ceteris
336 1218 491 1284 omnihus
533 1218 704 1284 codicibus
739 1239 781 1285 ac
817 1220 1051 1303 manuscriptis
1088 1221 1263 1285 manifesto

182 1327 324 1397 constet,
344 1338 411 1384 non
433 1320 473 1385 G.
489 1320 656 1397 Mallium,
679 1320 737 1385 sed
753 1322 804 1386 M.
820 1321 998 1386 Manilium
1019 1338 1094 1385 esse
1114 1321 1262 1385 scriben-

181 1420 272 1486 dum.

223 1520 327 1589 Addit
352 1530 464 1587 autem
483 1522 522 1587 1..
537 1522 706 1607 Gyraldus
721 1542 796 1587 cum
810 1523 1064 1599 Boniucoutrio,
1088 1522 1263 1588 Manilium

181 1622 266 1689 hunc
289 1628 438 1688 nostrum
461 1643 528 1689 non
551 1624 652 1689 alium
673 1643 749 1689 esse
771 1642 793 1688 u
813 1624 955 1689 Manilio
971 1622 1148 1701 Antiocho,
1164 1644 1264 1706 quem

182 1722 407 1789 Astronomiae
434 1724 638 1789 conditorem
666 1724 805 1807 pedihus
830 1725 967 1789 cretatis
991 1724 1080 1787 inter
1105 1725 1265 1789 venalitio

183 1824 327 1889 Romam
339 1843 424 1892 nare
439 1826 614 1891 derectum
630 1831 738 1891 narrat
752 1825 896 1890 Plinius.
940 1823 1046 1908 Cujus
1064 1825 1113 1888 rei
1134 1824 1266 1887 firman·
1346 1845 1349 1850 ’

182 1925 236 1991 dae
266 1934 383 1991 testem
411 1927 566 2009 producit
592 1927 851 1992 Bonincoutrius
871 1944 1036 1991 nummum
1064 1932 1265 2008 argenteum,

183 2045 282 2111 quem
311 2046 415 2110 penes
446 2048 482 2093 se
511 2028 615 2094 tuisse
639 2029 698 2107 eit,
718 2028 751 2092 in
781 2046 849 2111 qno
877 2028 1040 2109 impressa
1061 2031 1133 2091 eret
1154 2026 1265 2109 imago

182 2128 324 2193 bominis
339 2132 506 2213 peregrino
530 2130 659 2207 habitu,
685 2130 825 2214 Sphaera
840 2129 935 2211 juxte
951 2132 1055 2209 caput
1070 2127 1143 2208 ejus
1158 2146 1265 2209 appu-

182 2229 249 2294 sita
262 2248 339 2293 cnm
353 2230 404 2293 his
419 2229 524 2295 literis
539 2230 695 2294 usurui.
743 2228 809 2293 Cui
825 2247 958 2291 nummo
973 2227 1116 2291 similem
1129 2227 1268 2291 alterum

183 2328 288 2395 fuisse
309 2348 412 2412 penes
432 2328 597 2413 quendam
625 2329 803 2394 Nicolaum
817 2328 1058 2410 Trapontinum
1073 2328 1267 2392 familiarem

183 2451 279 2497 suum
295 2431 412 2497 scribit
426 2430 610 2515 Gyraldus.

225 2529 275 2595 At
302 2531 462 2597 infirmum
487 2551 568 2597 sane
595 2537 841 2615 argumentum
874 2531 970 2614 quasi
997 2537 1058 2594 aut
1081 2525 1267 2594 Antiochus

183 2632 305 2714 gentile
330 2653 449 2699 nomen
473 2635 586 2716 potius
611 2634 665 2712 sit,
689 2652 790 2717 qnam
815 2633 993 2715 proprium,
1018 2636 1078 2695 aut
1099 2630 1267 2695 hominem

181 2734 353 2817 peregrino
373 2735 487 2800 hubitu
503 2732 747 2800 Antiochenum
768 2733 875 2796 tuisse
888 2733 1080 2814 oportuerit.
1125 2729 1269 2796 Accedit

182 2834 286 2918 quod,
303 2849 398 2918 quem
419 2834 582 2900 Manlium
596 2835 798 2900 Antiochum
813 2831 1025 2913 Astrologum
1042 2831 1188 2895 Rumam
1211 2829 1267 2894 de-

181 2933 287 3000 latum
302 2936 418 3002 scribit
430 2937 571 3013 Plinius,
585 2937 617 3000 is
638 2954 706 3000 una
725 2955 801 3000 cum
824 2933 978 2998 Steherio
994 2931 1095 2994 Erote
1109 2949 1270 3012 gramma·

182 3037 253 3102 tico
269 3045 387 3102 vectus
410 3039 474 3119 sit,
496 3056 594 3122 quem
607 3037 797 3102 Staberium
812 3035 957 3120 Syllanis
977 3032 1189 3115 temporibus,
1204 3030 1269 3096 hoc

184 3145 239 3202 est
260 3139 356 3202 cunis
379 3140 558 3221 nonaginta
581 3140 726 3221 quinque
747 3145 823 3201 aute
844 3137 971 3200 obitum
985 3132 1140 3215 Augusti,
1154 3133 1270 3197 ludum

183 3239 355 3321 aperuisse
376 3245 518 3305 testatur
543 3240 732 3306 Suetonius.
784 3237 903 3321 Atqui,
928 3255 1004 3299 cum
1029 3233 1189 3298 Manilius
1215 3233 1270 3298 hic

184 3348 298 3404 noster
313 3341 375 3405 hoc
389 3341 645 3408 Astronomicon
661 3341 830 3424 scripserit
844 3343 923 3422 post
935 3333 1062 3401 cladem
1076 3333 1270 3402 Varianam,

184 3439 248 3505 hoc
262 3448 325 3520 est,
339 3443 435 3508 annis
449 3443 595 3527 quinque
612 3449 690 3506 ante
705 3453 843 3506 mortem
864 3437 1019 3520 Augusti,
1040 3441 1079 3499 ut
1096 3434 1169 3518 janu
1183 3434 1270 3498 infra

183 3539 471 3620 demonstrabitur,
485 3562 626 3627 cumque
640 3542 685 3607 ud
705 3543 773 3608 hoc
791 3559 876 3624 opus
899 3535 1136 3604 absolvendum
1148 3536 1271 3616 iunger-

184 3661 258 3708 vam
273 3645 349 3727 ipse
364 3645 427 3708 sibi
444 3649 537 3727 optet
547 3645 651 3708 ritem
665 3644 718 3708 his
732 3643 853 3718 verbis,
999 3627 1004 3636 ’

482 3745 610 3810 Fareat
624 3764 743 3828 magno
756 3744 887 3808 fortuna
899 3739 1018 3815 labori,

310 3843 451 3911 Annosa
464 3853 498 3910 et
511 3846 604 3911 molli
619 3846 788 3928 contingat
801 3845 873 3909 ritu
886 3845 1029 3916 senecta,

311 3943 361 4009 Ut
374 3946 500 4029 possim
514 3967 620 4012 rerum
634 3955 748 4012 tantas
762 3962 926 4028 emergere
939 3941 1056 4015 moles,
1080 3953 1103 4000 t.
1125 3936 1200 4000 115.

185 4045 368 4130 oportuerit
381 4064 462 4112 sune
473 4051 510 4112 ut
521 4065 621 4114 eunus
634 4063 729 4113 cxx.
738 4053 773 4112 et
786 4045 933 4129 amplius
946 4041 1068 4104 luisset
1077 4043 1186 4119 uetus,
1195 4055 1272 4102 cum
