3067 4875
259 297 302 367 80
694 310 732 358 u.
757 310 909 360 usurum

304 458 382 521 Hoc
396 472 482 539 opus
496 455 648 519 immensi
661 461 887 519 constmctnm
905 470 1044 533 corpore
1059 448 1185 527 muudi,
1216 454 1223 461 ’

261 558 480 639 Membraque
495 561 622 619 uoturae
637 555 770 620 divorsa
782 554 919 617 condita
929 554 1038 618 formu

261 658 360 722 Abris
375 666 475 738 utque
490 656 574 737 ignis
590 664 686 719 terrae
701 655 877 737 pelagique
887 653 1046 735 jacentis,

261 758 326 823 Vis
342 758 462 821 animoe
477 757 589 821 diviua
603 758 704 837 regit3
727 774 890 837 sacroque
904 764 1017 817 meatu

262 858 442 940 Conspirat
457 856 564 935 Deus,
578 867 611 921 et
625 858 726 921 tacito
739 857 867 921 ratione
881 859 1050 937 gubernat,

264 959 300 1021 M
305 954 451 1039 utuuque
465 959 500 1020 iu
515 965 655 1021 cunctae
671 956 845 1039 dispensat
858 954 987 1020 foederu
999 966 1120 1039 partes,

262 1058 380 1123 Altera
394 1066 432 1120 ut
447 1058 581 1122 alterius
597 1058 682 1120 viros
694 1057 878 1141 faciatque,
892 1058 1057 1137 foretque,

262 1160 468 1241 Summaque
481 1178 537 1242 por
552 1160 661 1221 verius
677 1168 809 1223 maneat
824 1164 964 1240 cognatu
978 1157 1114 1237 figures.

307 1258 408 1323 Nunc
422 1259 484 1323 tibi
496 1260 663 1341 signorum
678 1260 825 1324 lucentes
839 1258 987 1341 undique
1003 1257 1155 1323 flammas
1283 1254 1350 1317 255

260 1438 340 1485 uirtus
350 1437 435 1485 mentis
442 1435 560 1497 gemmae
568 1436 610 1485 boc
621 1453 678 1499 opes
689 1438 839 1499 compositum
850 1452 881 1485 ec
890 1452 983 1499 oorpore
997 1438 1100 1498 ingentis
1112 1435 1224 1496 emortui,
1239 1438 1263 1482 et
1272 1438 1351 1495 postes

262 1502 343 1547 muudi
363 1506 495 1549 contestes
510 1516 539 1549 rx
558 1501 624 1548 oorio
641 1508 725 1550 uotum
743 1503 816 1563 uiris,
835 1502 908 1562 iguis,
924 1506 947 1549 et
964 1507 1043 1559 terra,
1060 1504 1084 1548 et
1099 1499 1173 1547 mro
1182 1497 1316 1555 deridentm
1326 1502 1350 1545 et

263 1564 330 1611 Dein
344 1566 432 1611 ouimot
450 1564 508 1611 tuuc
523 1578 565 1625 per
583 1565 674 1611 odium
691 1572 819 1624 summum,
833 1572 857 1613 et
871 1565 937 1624 regit
949 1565 1007 1612 tum
1020 1578 1062 1625 per
1072 1569 1172 1611 uesieu
1181 1567 1317 1617 sscratm,·
1327 1565 1350 1607 et

262 1627 385 1675 diutribuit
395 1627 495 1689 plurimo
505 1627 640 1675 mummia
646 1643 688 1690 per
699 1644 734 1675 om
819 1633 877 1687 rtet,
887 1634 914 1677 st
924 1642 971 1676 uno
977 1642 1035 1690 porc
1040 1627 1117 1686 societ
1129 1631 1152 1674 et
1163 1625 1277 1674 ustieeot
1288 1624 1351 1671 eires

263 1691 361 1739 uberius
370 1696 395 1739 et
411 1696 437 1739 ut
449 1696 523 1739 russi
533 1690 666 1739 omrem
683 1691 717 1740 sit
732 1643 914 1750 nonsummum
931 1705 974 1754 po·
983 1691 1086 1741 dmm
1097 1690 1197 1747 sorum.
1228 1689 1285 1736 Jen
1295 1700 1351 1735 om

717 1862 900 1885 ”nummo

264 1980 338 2029 rodes
357 1984 476 2040 utrosque,
494 1978 607 2027 hominm
627 1979 727 2028 sciticet
747 1987 793 2028 uut
808 1978 933 2041 poputost
949 1978 980 2027 ln
997 1977 1128 2037 ruperiore
1146 1974 1248 2037 quidem
1264 1976 1353 2039 spurio

262 2056 305 2092 tros
315 2043 452 2101 bohemum
468 2049 494 2090 et
506 2044 531 2090 tn
545 2042 672 2104 prioribus
682 2057 733 2091 nou
745 2044 831 2091 rmus
844 2044 924 2105 pertis
942 2042 1072 2095 austrina,
1087 2040 1132 2087 sed
1149 2040 1256 2099 regim·
1275 2041 1353 2101 ipsus.

267 2106 392 2168 Uimque,
403 2106 503 2154 scilicet
515 2113 522 2134 ⁸
534 2106 638 2170 pertes‚'
650 2116 761 2155 nostrum
775 2107 942 2163 ereticorum
954 2106 1021 2153 ittam
1033 2104 1181 2152 sustrinem.
1200 2103 1268 2151 Hiuc
1281 2110 1355 2165 petet
1390 2131 1394 2137 ·

262 2168 340 2217 oodeio
353 2169 526 2231 precedentit
541 2184 579 2217 vs.
616 2184 648 2216 uo
658 2170 822 2233 interposito,
832 2169 990 2218 constructio
1007 2169 1042 2216 ite
1061 2168 1188 2222 turbatur,
1202 2175 1229 2214 ut
1244 2173 1354 2229 utrosque

261 2235 395 2295 pomerius
408 2240 479 2281 recte
491 2233 571 2282 dicus.
631 2233 731 2295 &tregit
741 2240 763 2282 et
775 2234 877 2294 auum.-
893 2234 948 2282 iuec
966 2232 1093 2280 eutitbete
1103 2240 1130 2279 et
1141 2230 1235 2278 simius
1246 2229 1356 2292 infinite,

262 2298 341 2356 serpit
351 2296 466 2358 ceditque,
477 2296 708 2359 sequitursrrgitqor,
719 2297 816 2345 delicie
828 2305 887 2345 erint
897 2297 971 2358 hujus
983 2295 1124 2356 scriptoris.
1157 2292 1278 2342 Ceterum
1291 2308 1357 2357 pou·

262 2366 305 2407 tur
316 2360 357 2408 bic
369 2359 471 2408 horizon
481 2368 531 2417 est.
544 2368 570 2407 ut
582 2359 669 2408 Greci
687 2361 823 2424 Latinique
838 2361 946 2423 poesim:
964 2366 991 2406 et
1008 2358 1104 2407 frustm
1118 2366 1158 2405 est
1175 2358 1294 2416 huetius,
1309 2357 1353 2420 qui

261 2424 423 2485 scaligerum
441 2423 482 2472 bic
499 2424 612 2486 sugillet.
631 2425 687 2486 ipse
705 2424 889 2487 cestigenduess
923 2423 1061 2486 Antiquam
1082 2422 1216 2471 tectionem
1236 2420 1356 2471 defendit

262 2487 354 2536 Stoeb.
388 2489 508 2536 ‘Pontus
521 2487 580 2536 stibi
593 2487 759 2542 horizontem,
772 2489 812 2536 bic
824 2489 906 2550 ipsum
923 2501 993 2535 nssre
1008 2488 1124 2540 denotet.
1138 2486 1206 2548 qnod
1223 2487 1293 2534 endi·
1304 2487 1356 2534 coir

262 2557 383 2611 umorque,
394 2564 452 2598 cum
466 2550 612 2598 tsuouuues
621 2558 675 2599 tum
688 2550 855 2610 dormientes,
866 2553 898 2600 de
910 2552 1003 2614 quibus
1014 2550 1089 2598 modo
1100 2550 1206 2604 dictum,
1217 2550 1356 2612 distinguit,

263 2613 282 2660 i.
300 2627 324 2661 e.
336 2620 451 2673 reperet,
461 2621 489 2661 et
504 2614 588 2673 ultigot
600 2614 655 2662 scit.
666 2615 818 2676 coujunctos
837 2623 917 2664 tenet.
929 2615 1046 2662 similiter
1058 2617 1122 2660 Stet.
1135 2613 1219 2661 Actu.
1231 2627 1248 2660 ι.
1260 2617 1316 2662 411.
1329 2623 1357 2661 et

264 2673 358 2724 Horut.
371 2690 390 2724 ι.
408 2677 493 2724 Οιιιιι.
507 2680 530 2724 8.
542 2675 673 2732 ote-252
690 2679 756 2727 Scri.
772 2687 800 2726 et
820 2679 887 2740 vulg.
898 2679 937 2726 -Et
956 2679 1029 2725 mutto
1040 2677 1065 2724 is
1075 2683 1180 2725 cunctor.
1214 2677 1309 2738 Deipb.
1321 2679 1358 2726 Et

264 2740 474 2788 mottuinmnltos.
490 2740 605 2788 Mutsvit
617 2741 694 2789 Bent.
721 2744 728 2768 ⁴
743 2741 800 2790 Hoc
817 2755 879 2791 sune
894 2755 973 2802 snpra
984 2743 1163 2788 necessitatem
1177 2747 1203 2788 et
1215 2739 1308 2799 tidem
1326 2750 1357 2789 ut

264 2811 365 2851 cunctre
384 2812 410 2850 et
431 2804 538 2865 singulte
561 2811 647 2865 pectes
665 2804 775 2854 trebeent
793 2807 867 2853 mutto
885 2806 953 2854 tuter
969 2819 996 2852 se
1016 2802 1123 2852 foedere.
1144 2805 1241 2852 Noster
1257 2818 1286 2851 rr.
1298 2807 1356 2853 858.

263 2866 272 2892 ¹
282 2867 373 2916 Mutuo
385 2879 433 2915 nec
444 2881 536 2928 magno
547 2879 673 2915 consensu
685 2866 783 2917 freden
794 2867 915 2916 servent!
948 2869 1045 2918 Firmet
1057 2867 1124 2929 quod
1135 2870 1220 2915 stetim
1230 2871 1358 2932 somnitus,

265 2931 349 2978 Atteru
360 2935 387 2978 rit
398 2932 505 2992 uberius,
515 2932 563 2978 tmc
574 2939 622 2992 est,
633 2936 721 2981 mutuo.
755 2933 820 2982 Cum
833 2932 865 2980 eb
878 2933 965 2995 ignoro
980 2931 1085 2980 librario
1096 2932 1220 2994 Multoque
1231 2933 1356 2995 scriptum

298 3161 345 3207 747
364 3159 418 3208 Hoc
427 3175 492 3222 opus,
503 3160 556 3224 dc]
587 3161 635 3209 tus
646 3164 670 3209 8.
683 3176 732 3211 sss.
744 3161 791 3210 dc·
831 3169 875 3209 net
887 3176 914 3209 se
926 3161 1053 3210 dicturum
1065 3163 1097 3211 de
1108 3162 1243 3224 sideribus,
1260 3171 1313 3210 tutu
1323 3163 1357 3212 de

265 3241 307 3282 cet
323 3240 404 3283 totum
424 3237 471 3283 boc
484 3237 630 3284 uuiversum
643 3237 726 3284 e‘Deo
738 3238 791 3300 regi
830 3236 965 3286 duodecim
977 3239 1058 3300 signis
1078 3239 1183 3294 zodiaci,
1199 3253 1257 3286 tum
1269 3237 1301 3285 de
1314 3252 1358 3287 ce·

266 3317 294 3356 et
312 3309 362 3370 egi,
381 3317 471 3357 contre
491 3311 640 3373 Epicurum,
658 3312 700 3374 qiri
721 3313 791 3360 Deos
831 3313 893 3360 teris
905 3313 1217 3378 οιιιιιιιιΙΙιιίιιιιιΙιιιι,ιμιιιΙ
1226 3315 1283 3362 binc
1294 3313 1358 3362 inde

266 3380 330 3430 fecit
341 3383 446 3443 otiosos,
462 3397 511 3432 uec
522 3397 606 3432 rerum
616 3398 702 3432 curem
713 3399 792 3447 egeu-
830 3387 863 3435 ed
885 3397 1021 3451 utriunque
1041 3391 1126 3450 potum
1147 3389 1356 3450 intercipiuntur.

267 3466 318 3519 tes,
335 3457 407 3520 queri
427 3457 486 3506 uibit
506 3457 609 3507 beatum
627 3473 683 3507 esse
702 3461 792 3523 possit,
831 3463 926 3525 {incipit
937 3471 1021 3512 cirtem
1033 3465 1138 3527 esiguis
1149 3465 1254 3519 zodiaci,
1269 3467 1311 3527 (μή
1330 3465 1357 3513 iu

266 3533 314 3580 uiri
326 3532 444 3580 otiorum.
462 3533 518 3582 Cic.
530 3533 553 3582 N
557 3541 591 3583 et.
600 3535 681 3602 Deqr.
693 3547 723 3584 ιι.
739 3534 791 3585 Sed
831 3538 879 3586 bec
889 3547 946 3587 erte
956 3540 1102 3600 primosum
1112 3548 1138 3586 et
1148 3540 1286 3602 precipue.
1303 3541 1359 3588 De·

267 3607 301 3657 de
312 3609 359 3670 bis,
368 3621 398 3656 ιι.
410 3613 452 3657 88.
831 3614 892 3662 iude
904 3613 985 3662 refert
996 3629 1037 3674 es,
1049 3629 1106 3678 quur
1118 3616 1183 3664 coeio
1194 3617 1358 3678 septemtrio·

299 3686 347 3732 848
365 3680 478 3744 Noterae]
496 3685 726 3746 Mundi,nnirersi.
831 3691 884 3737 usti
897 3697 965 3743 sunt.
975 3697 1066 3751 utpote
1076 3705 1133 3754 quie
1146 3690 1254 3739 notiora.
1281 3691 1359 3740 Post·

300 3763 348 3807 888
369 3758 410 3807 Vis
431 3761 516 3806 onimoe
535 3759 628 3823 diuino]
657 3761 700 3811 Sic
720 3763 793 3826 virg.
833 3779 864 3814 es
882 3775 971 3815 cetere
988 3767 1108 3815 eustruiie
1131 3768 1203 3828 signe
1223 3768 1357 3818 describit.

270 3834 325 3883 AEn.
338 3847 375 3882 vr.
386 3838 443 3883 784.
459 3843 486 3883 ot
498 3849 569 3898 seqq.
833 3841 933 3892 Quibus
944 3841 1061 3890 omnibus
1072 3843 1272 3904 cognitiurteru
1282 3842 1358 3894 nette

301 3915 349 3959 784
366 3911 518 3974 domnoque]
545 3911 707 3978 Universum,
721 3927 793 3962 mnu·
834 3917 1005 3980 promovebit.

271 3985 329 4035 dus.
866 3991 1007 4054 Signorues]
1031 3992 1271 4043 Constettstiouum.
1305 3994 1359 4042 Ne·

303 4065 349 4110 2⁵⁵
369 4063 439 4112 Nunc
451 4063 504 4125 tibi,
515 4061 567 4125 isc]
584 4062 632 4113 Hit
643 4068 667 4113 7.
680 4079 730 4114 sss.
741 4078 793 4114 uto·
834 4081 884 4129 que
895 4069 963 4115 euim
974 4066 1089 4116 dicturus
1097 4075 1137 4116 est
1146 4067 1230 4116 Poiite
1238 4068 1270 4116 de
1281 4081 1360 4118 cunc·
