3067 4875
280 346 324 411 18
528 356 724 407 nnsrnrro
749 356 788 405 Μ.
813 356 908 406 unrnr
931 357 1109 406 crossen.

280 504 408 586 saepius
438 501 588 586 adjuvit.
619 500 707 584 quod
734 520 812 566 cum
833 478 1004 565 intentiore
1031 500 1242 583 gratitudinis
1269 516 1369 565 sensu

280 604 513 687 praedicemus

325 704 425 783 Quod
445 710 610 786 superest,
632 721 732 767 unum
746 708 813 767 tum
828 702 870 765 B.
884 701 950 765 L.'
940 720 975 765 rn
988 700 1185 785 inquirendo
1198 700 1368 765 sedulitati

280 804 477 871 commendo
493 823 636 881 versum,
650 803 703 867 his
717 808 912 886 conceptum
926 803 1053 867 verbis.

451 906 493 969 Et
507 911 642 986 propter
657 904 760 968 vitum
772 903 906 969 vivendi
919 904 1059 986 perdere
1073 921 1212 967 cousus.
1224 910 1248 978 †

152 1051 170 1073 n
281 1026 380 1089 quem
407 1005 540 1088 quidem
565 1004 838 1083 diligentissimus
861 1003 1022 1068 Burthius
1046 1003 1091 1067 ud
1121 1002 1216 1067 Gret.
1240 1001 1367 1086 Cyneg.

279 1126 331 1170 vs.
352 1106 427 1169 308.
451 1104 593 1167 Manilio
617 1105 790 1187 ascripsit3
823 1104 980 1187 equidem
1008 1123 1086 1168 vero
1115 1103 1151 1165 in
1172 1102 1226 1167 lris
1246 1102 1368 1168 Astro-

279 1206 482 1269 nomicornm
496 1203 590 1267 libris
606 1222 670 1267 non
686 1204 817 1267 memini
838 1204 973 1285 legisse.
1015 1204 1144 1267 Poterit
1158 1203 1217 1267 ille
1229 1204 1367 1286 quidem

280 1308 321 1369 od
339 1290 430 1367 Libri
447 1320 494 1367 ιν.
510 1305 681 1386 prologum
696 1305 825 1384 referri3
847 1314 883 1369 st
902 1305 986 1368 citra
1000 1303 1161 1367 Codicum
1176 1303 1276 1367 tidem
1292 1323 1367 1367 enm

279 1404 417 1469 carmini
440 1405 580 1467 inserere
604 1404 685 1468 mihi
709 1413 796 1471 certe
820 1405 970 1487 religioni
993 1405 1087 1468 foret.
1131 1403 1253 1487 Ituqne
1272 1410 1367 1467 tuem

279 1516 402 1569 nostrae
419 1503 518 1568 velim
540 1522 674 1585 operum
701 1506 896 1589 conjungas,
918 1512 958 1569 nt
980 1506 1044 1569 iste
1069 1522 1184 1571 versus
1210 1523 1283 1569 snae
1306 1505 1368 1570 eli·

180 1638 197 1659 .,
280 1605 411 1689 quondo
425 1604 563 1668 familiae
579 1606 777 1670 restituatur.

324 1704 423 1768 Nunc
438 1724 516 1769 vero
529 1723 571 1767 ne
585 1705 636 1768 Te
650 1706 795 1787 emplius
816 1707 852 1770 in
873 1707 936 1771 hoc
957 1706 1069 1789 operis
1083 1704 1248 1771 vestibulo
1262 1727 1368 1773 more-

279 1824 362 1881 mur,
384 1804 537 1886 equidem
564 1804 615 1867 Te
640 1804 725 1869 bene
749 1807 871 1883 valere,
900 1813 1078 1889 nostroque
1107 1825 1212 1888 opere
1237 1816 1366 1892 tuoque

255 1905 404 1987 ⁴jndicio
430 1904 533 1986 probe
557 1906 603 1968 uti
626 1894 793 1988 cupimus.
836 1906 935 1985 Quod
958 1907 1016 1971 ubi
1039 1909 1161 1971 nostris
1189 1911 1367 1975 conatibus

279 2005 401 2080 fovere,
424 2005 472 2065 sic
494 2009 530 2066 ut
550 2008 601 2066 est
622 2004 655 2066 iu
672 2007 770 2083 votis,
785 2006 1062 2087 intellexerimus3
1084 2005 1128 2071 ud
1144 2007 1272 2090 majora
1286 2010 1367 2073 olim

279 2102 444 2178 enitendo,
468 2102 498 2165 si
523 2102 618 2167 Deus
641 2104 745 2169 vitum
769 2106 923 2190 viresqne
945 2109 1161 2186 concesserit,
1188 2110 1240 2191 Tu
1265 2110 1366 2175 dubis

281 2202 435 2269 ouimnm.
482 2200 575 2266 Vale.

345 2495 443 2544 Debent
457 2496 619 2558 Argentornti
631 2498 719 2548 Pridie
728 2500 790 2550 Knl.
802 2502 868 2551 Nor.

483 2591 508 2622 n.
521 2589 546 2624 rr.
559 2589 579 2624 s.
593 2589 721 2628 unccnvr.

667 4007 692 4070 [l
708 4009 827 4062 lorensi.
839 4025 901 4064 rin.
911 4018 965 4082 84.]
