3067 4875
282 332 347 396 110
709 347 747 394 u.
771 317 928 394 unureu'

285 488 327 552 Iu
350 489 470 552 boream
488 485 646 552 scandunt.
691 486 767 552 Hoc
788 498 859 551 estut
881 486 1039 572 aquilonia
1061 477 1160 574 signu.

283 667 334 712 mse
343 659 396 702 sent
407 659 505 715 utroque
514 669 570 717 pore
580 656 643 704 lueri
653 656 749 714 ferocis,
760 663 890 718 <resurgunt
903 657 929 706 in
939 657 1135 720 septemtrionem.
1171 655 1229 704 Hoc
1240 657 1293 704 sessi
1302 652 1374 716 signo

772 824 878 874 Now

284 944 400 998 ternpore
420 936 544 986 indicent.
575 936 651 986 Unde
673 951 688 985 e
707 937 807 985 Latinis
846 951 884 997 ro,
896 937 1014 986 nimirum
1026 937 1052 986 in
1068 935 1154 985 fronte
1166 933 1372 995 iliius,eonstens

283 1012 465 1074 vergiliarum
484 1011 571 1074 dicte,
586 1013 657 1074 qneei
672 1026 730 1075 quie
748 1018 808 1072 post
844 1011 925 1059 stellis
943 1011 1075 1075 quinque;
1092 1011 1144 1070 vel,
1161 1017 1189 1057 ιι
1203 1009 1260 1057 eliis
1273 1007 1373 1070 placet,

283 1101 329 1133 ver
351 1093 396 1137 eut
413 1101 491 1135 verno
512 1095 629 1150 ternpore
647 1089 807 1136 exoriuntur.
844 1096 953 1148 septem,
972 1101 1078 1149 querum
1097 1083 1154 1133 due
1171 1097 1220 1131 non
1237 1089 1372 1145 eppereut.

284 1163 352 1210 Plin.
363 1177 394 1211 ιι.
404 1166 446 1210 41.
470 1163 525 1212 Cic.
536 1162 649 1211 in'Aret.
665 1163 770 1210 Servius
782 1163 807 1210 in
846 1161 890 1208 Em
903 1168 987 1208 eutem
1001 1161 1113 1224 quinque
1129 1159 1211 1208 stelle
1224 1165 1283 1205 stent
1294 1155 1320 1203 in
1333 1156 1374 1218 ip·
1442 1199 1444 1204 ,

177 1293 184 1304 Ι
284 1236 379 1298 (leotg.
407 1250 426 1283 ι.
453 1237 492 1284 rei
520 1237 628 1286 Pleiades
650 1237 771 1286 dicuntur
793 1251 807 1283 e
844 1249 871 1282 sn
892 1234 978 1284 fronte
996 1235 1073 1297 teurl,
1089 1233 1242 1283 exhibentes
1260 1229 1371 1292 figuram

284 1310 391 1359 Pleione
404 1311 532 1373 Nympha.
549 1311 626 1360 Orid.
638 1312 708 1361 Fert.
726 1327 748 1359 ν.
766 1314 808 1360 8³.
845 1311 888 1370 νς
904 1325 1020 1373 querum,
1040 1325 1097 1374 que
1118 1311 1144 1361 in
1166 1308 1240 1357 oculo
1258 1307 1372 1366 sinistro,

281 1383 368 1432 ‘Hine
380 1393 436 1432 sete
448 1385 554 1434 Pleione
565 1400 624 1434 eum
637 1385 751 1434 cetttero
762 1385 808 1434 At·
847 1387 935 1448 priuue
957 1395 995 1435 est
1019 1384 1218 1447 urepnitrtdlnis3
1241 1382 1323 1430 nitere
1345 1379 1371 1427 iu

282 1458 527 1521 tenuissimumque
536 1460 651 1510 fetueest
661 1478 668 1521 ;
679 1462 807 1510 Pleiades·
845 1461 919 1508 oculo
932 1461 1033 1514 dextro,
1045 1460 1147 1518 temler
1165 1457 1222 1506 dne
1233 1463 1372 1520 sequentes

284 1548 334 1598 qne
346 1535 431 1598 peut!
451 1537 607 1586 Febnleutnr
619 1540 713 1601 quippe
724 1537 806 1600 polite
845 1533 910 1585 inire
921 1537 1018 1598 oeulos,
1034 1544 1060 1585 et
1078 1549 1134 1600 qum
1147 1535 1172 1582 in
1184 1535 1240 1596 ipso
1250 1545 1310 1580 neeo
1322 1538 1374 1593 eet,

210 1609 218 1619 ⁰
282 1611 328 1658 hes
339 1618 438 1674 septem
449 1612 546 1673 stelles,
556 1623 656 1676 septem
668 1612 746 1661 liuere
759 1612 806 1662 At·
844 1617 903 1657 sunt
916 1623 1016 1674 quoque
1027 1611 1110 1659 tertie
1120 1607 1313 1670 magnitudinis.
1326 1607 1372 1653 bt·

281 1688 358 1735 lentie
370 1701 402 1736 ex
412 1687 519 1736 Pleione
531 1687 605 1743 illies,
616 1704 679 1752 quas
691 1691 716 1737 iu
728 1690 807 1738 roeioe
844 1691 938 1734 cuntur
958 1695 1043 1734 nutent
1063 1684 1180 1746 Hyades,
1194 1680 1241 1730 dri
1254 1681 1297 1730 rod
1315 1681 1373 1742 bers,

281 1763 377 1812 relatae
386 1766 485 1824 volunt,
495 1767 535 1813 vel
544 1765 576 1814 ob
584 1766 716 1828 pietatem,
725 1768 765 1815 vel
773 1765 807 1815 ob
842 1761 930 1824 pluere·
957 1760 1036 1810 Ovid-
1049 1760 1118 1810 uest.
1131 1773 1156 1807 v.
1169 1761 1224 1807 16⁵.
1237 1760 1244 1785 ‘
1259 1757 1313 1806 Ore
1325 1757 1372 1805 usi·

282 1840 436 1888 ceetitntem.
454 1840 497 1889 Ob
507 1840 638 1901 pietatem,
649 1849 806 1904 utpoteqnm
844 1846 903 1886 cnut
916 1837 982 1885 inuri
1000 1843 1099 1897 septem
1118 1834 1243 1884 radiantia
1254 1831 1373 1894 demmin,

282 1912 541 1974 petriscnlennitetem
552 1913 745 1976 perpetuofletn
754 1915 807 1964 elut
845 1913 941 1963 Nevit·
954 1926 1015 1974 ques
1028 1910 1123 1972 hyades
1135 1909 1229 1958 (lenius
1246 1909 1279 1955 ab
1290 1907 1372 1956 imbre

282 1996 436 2047 persecute.
463 1987 532 2035 Fert.
562 1988 651 2037 Anien.
679 1991 705 2036 in
734 1988 807 2038 Aret.
844 1985 1372 2047 vocnt.’VeiebHynnie,quernmortuum

282 2062 507 2111 ostermere.
541 2063 806 2125 Obcestitetenn,ut·
842 2061 1003 2110 defleverunt
1020 2061 1078 2108 lilim
1093 2060 1216 2108 Atlantis.
1245 2058 1373 2107 Fsbulnn·

282 2138 474 2201 poteqntevim
486 2139 590 2188 Orionis
605 2137 807 2204 effugerint‚qui
845 2145 886 2186 tur
908 2138 975 2186 enim
997 2135 1057 2184 filiae
1081 2144 1180 2198 septem
1206 2131 1318 2182 Atlantis
1340 2147 1373 2181 ex

281 2226 325 2260 ese
336 2212 471 2262 duodecim
483 2214 555 2262 annis
564 2212 648 2262 soeret
657 2215 808 2278 insectatus,
844 2213 943 2273 IEtltrn,
955 2211 1100 2271 Ambrosie,
1113 2211 1225 2272 Eudone,
1236 2209 1369 2267 Perithoi,

281 2302 331 2337 nee
351 2289 467 2338 inuenire
485 2295 614 2353 potuerat.
647 2290 748 2338 Herum
763 2305 807 2338 eu·
843 2289 954 2348 Corone,
970 2287 1118 2347 l'lexnurle,
1137 2286 1224 2345 Pitlto,
1234 2293 1260 2332 et
1271 2285 1370 2348 Tycbe,

280 2369 334 2410 tem
361 2366 462 2412 nomine
488 2366 638 2426 compienne
668 2372 708 2413 eet
734 2366 806 2414 Fert.
843 2360 948 2411 fratrem
970 2361 1076 2424 Hyante
1095 2375 1110 2409 e
1129 2362 1203 2410 leone
1220 2360 1373 2409 devolutum

280 2436 374 2488 Anien.
394 2439 419 2487 in
436 2439 509 2489 Aret.
527 2441 573 2489 boc
588 2441 691 2489 dieticlt.
708 2441 716 2467 ‘
731 2442 807 2493 Elec·
844 2438 1000 2501 implacabili
1020 2438 1090 2487 luctu
1107 2434 1220 2499 flevisse,
1237 2436 1319 2486 donee
1330 2452 1372 2487 ee·

281 2519 331 2573 tre,
354 2512 480 2576 Alcyone,
500 2515 611 2570 celeno,
629 2516 808 2579 Taygeteque,
845 2528 899 2563 tum
923 2515 1086 2563 miseratione
1108 2521 1249 2563 commotus
1265 2513 1373 2576 Jupiter

281 2584 807 2651 Btsterope,Meropequesimsnl‚lormo-
843 2587 919 2636 finem
940 2586 1044 2637 delibus
1065 2588 1136 2644 iecit,
1153 2602 1249 2651 eosque
1268 2587 1293 2636 iu
1322 2596 1374 2639 tot·

280 2660 471 2725 esquellvlaie!
503 2662 579 2711 Licet
600 2671 685 2710 eutem
706 2672 806 2724 neptem
844 2662 912 2711 idem
921 2664 1192 2712 stellas'commutnvit.
1210 2661 1290 2711 oud.
1301 2662 1373 2712 Fest.

280 2732 376 2787 inerint
394 2736 522 2799 nympboe,
536 2752 582 2786 sex
600 2744 686 2785 temen
699 2738 724 2786 in
737 2739 807 2787 eoeiis
844 2750 871 2785 v.
898 2736 952 2786 Alii
974 2739 1063 2787 volunt
1086 2738 1133 2787 bes
1159 2752 1192 2787 ex
1218 2736 1373 2800 Pherecyde

281 2819 422 2859 cernuntur
434 2818 533 2860 tentum
550 2812 642 2861 eteilee.
675 2810 805 2863 Allienirn
843 2810 997 2861 Athenienei
1015 2818 1089 2861 uetes
1104 2812 1234 2861 bacchum
1250 2812 1373 2861 nutrivie-

281 2884 369 2932 volunt
379 2885 405 2933 ln
417 2886 488 2935 coeile
500 2900 551 2935 non
568 2888 655 2936 lucere
668 2888 806 2953 Meropen,
844 2900 882 2951 ee,
892 2902 954 2951 quas
963 2894 1040 2937 entee
1050 2888 1199 2939 Dodonides
1209 2896 1374 2938 roeeverent.

280 2971 346 3021 que,
357 2960 451 3008 ceteris
465 2960 593 3009 sororibus
604 2976 662 3009 cum
674 2962 733 3010 Diis
745 2976 806 3011 con·
844 2962 939 3025 Hygiu.
957 2964 1062 3014 Astron.
1082 2964 1157 3013 Polli.
1178 2978 1209 3014 ιι.
1242 2964 1373 3021 Dicuntur

280 3032 444 3088 nubentibus,
456 3048 506 3082 nne
517 3036 616 3083 montell
627 3034 730 3100 Sieiplro
742 3051 804 3099 nup·
844 3051 859 3084 e
881 3038 980 3086 Latinis
1000 3041 1095 3101 sucula,
1114 3041 1154 3087 vel
1171 3040 1232 3103 quie
1248 3038 1309 3095 suis,
1324 3053 1371 3089 seu

280 3108 322 3156 eit.
339 3107 389 3155 Alii
402 3122 464 3157 vero
472 3123 522 3158 non
530 3110 666 3173 Meropen,
675 3112 721 3160 sed
731 3113 805 3162 Elec·
844 3113 1003 3175 porcelluiae,
1013 3112 1121 3177 figurem
1133 3113 1249 3163 referunt
1262 3129 1269 3162 ι
1285 3116 1325 3162 vel
1338 3128 1371 3163 ex

280 3190 344 3230 trem
362 3182 622 3245 interefebnlentrsr5
640 3194 731 3249 utpote
748 3202 805 3251 ques
844 3186 975 3249 imperitia
1003 3196 1129 3245 veterum,
1157 3190 1211 3253 qui.
1237 3196 1267 3239 ιιι
1286 3189 1372 3250 aiunt,

278 3259 319 3306 sel
330 3257 492 3316 Orionis,rei
505 3260 565 3307 solie
578 3261 628 3307 vien
640 3268 756 3310 metuens
766 3262 803 3311 ite
844 3262 899 3311 Cic.
916 3264 978 3312 Nnt.
997 3264 1076 3312 Deon.
1093 3278 1124 3313 ιι.
1143 3264 1211 3313 Plin.
1229 3276 1313 3313 xeru.
1331 3268 1370 3313 ld.

278 3332 355 3393 longe
372 3331 474 3393 abierit,
490 3341 520 3380 nt
536 3347 659 3397 nusquam
676 3349 803 3397 apperue-
843 3341 883 3386 26.
899 3346 927 3387 et
942 3339 975 3388 A.
993 3339 1063 3389 Geli.
1080 3352 1143 3389 xut-
1158 3343 1183 3387 9.
1203 3339 1258 3387 illes
1274 3353 1325 3388 non
1336 3339 1370 3387 eb

279 3406 322 3454 rit.
355 3407 426 3457 Ques
447 3404 546 3455 subules
565 3409 641 3471 longe
661 3410 803 3458 carminum
844 3411 900 3473 dese,
912 3415 1012 3476 ⁴pluere,
1028 3413 1074 3462 sed
1093 3412 1126 3463 eb
1149 3412 1196 3476 des,
1213 3428 1276 3476 sues,
1296 3415 1370 3463 ‹lixe-

278 3479 346 3528 serie
364 3479 474 3529 intexuit
491 3480 568 3529 Orld.
585 3483 655 3530 Fert.
673 3496 710 3531 tv.
734 3483 803 3532 Dum
844 3494 913 3535 runt.

279 3562 365 3603 nentem
377 3554 474 3605 Aretns
485 3566 513 3605 et
529 3558 571 3606 elil
583 3559 673 3609 volunt
687 3559 802 3621 pleledes
876 3564 924 3609 8⁷9
941 3562 971 3609 ln
982 3560 1086 3625 boreum]
1097 3562 1129 3611 In
1138 3564 1348 3625 septemtrionem
1361 3582 1369 3615 ι

272 3630 361 3691 jecere
383 3640 444 3679 ente
466 3646 550 3695 genus
567 3647 610 3681 eeu
626 3632 707 3695 pedes
726 3634 803 3698 tensi,
844 3637 935 3687 boreas
947 3638 1015 3689 enim
1027 3646 1118 3687 ventus
1128 3647 1169 3689 est
1181 3640 1369 3703 eseplemtrio·

278 3704 402 3753 inlinuntur
423 3719 493 3755 sene.
536 3708 628 3774 Neque
650 3710 717 3757 enim
741 3716 802 3759 ente
843 3710 957 3761 deflens.

277 3795 369 3840 genere,
389 3781 435 3830 sed
455 3783 479 3829 in
497 3784 622 3846 superiori
638 3784 800 3835 humerorum
874 3788 1001 3841 Hoeeeessl
1014 3787 1145 3851 nqeilosss'e]
1163 3789 1369 3852 septemtrione·

278 3863 352 3917 parte
370 3858 437 3906 teuri
453 3860 510 3907 eitte
528 3869 595 3908 eunt.
629 3860 700 3909 Ques
712 3860 800 3909 nidere
843 3859 889 3922 iin;
907 3862 992 3925 aquilo
1004 3864 1100 3927 quippe
1112 3865 1208 3925 periter
1221 3870 1312 3913 ventus
1327 3872 1368 3913 est

278 3943 319 3982 est
341 3937 366 3983 in
383 3933 464 3998 ligure
481 3936 546 3985 tenni
563 3944 591 3985 et
612 3937 701 3986 arietis
723 3950 801 3999 snpra
841 3936 874 3985 eb
884 3942 1070 3999 septemtrione
1078 3937 1149 3989 flens.
1172 3938 1306 3988 Hnetenns
1319 3940 1366 4005 igi·

277 4010 334 4057 264.
352 4016 453 4060 notetus
468 4011 546 4061 litere
562 4012 594 4074 P,
610 4011 676 4061 inire
693 4011 801 4061 cendam
842 4020 884 4061 tur
896 4012 973 4075 polite
991 4013 1056 4063 dixit
1075 4014 1108 4064 de
1124 4014 1203 4078 signis
1219 4016 1367 4081 aquilonlis,

279 4082 375 4131 arietis.
841 4102 887 4137 eeu
899 4090 1160 4153 septenurloneiibus,
1177 4104 1283 4154 quorum
1301 4092 1365 4143 divi·

311 4157 419 4222 Hpodss]
436 4161 554 4215 Alterum
573 4170 613 4215 eet
624 4164 695 4215 sidus
705 4164 732 4213 in
745 4171 799 4215 teu·
842 4164 937 4215 sionem
952 4164 1024 4224 feeit,
1036 4180 1086 4217 non
1099 4167 1197 4217 ratione
1214 4170 1364 4231 aeqnetosin,
