3067 4875
486 348 782 400 nsrnououicou
808 349 882 398 ιιι.
907 349 964 398 ιιι.
1215 331 1280 396 495

183 493 282 560 Tunc
297 499 331 560 ei
344 493 435 559 bellu
448 493 516 558 iero
530 495 715 559 tractantur
729 492 838 558 Marte
853 500 1012 572 cruentu3
1068 480 1072 488 ’

184 595 260 662 Neo
271 596 444 682 Scythium
455 596 609 686 defendit
620 596 758 680 hyems:
779 595 959 661 Germania
974 593 1067 659 sicce

183 699 208 764 J
211 718 265 763 om
277 699 398 763 tellure
413 697 500 781 sugit
515 718 525 779 ;
548 698 718 782 Nilusque
732 698 887 762 tumescit
901 697 935 760 in
951 715 1043 761 arva.

185 799 258 864 Hic
271 819 378 864 rerum
393 803 577 880 steinensi,
591 797 702 864 cancri
717 819 792 865 cum
809 799 916 863 sidero
930 796 1081 864 Pboebus
1217 797 1282 866 635

184 985 287 1034 celiden
297 989 376 1050 torpet
386 985 413 1034 ie
423 987 491 1049 equis
500 986 551 1034 eeie
562 984 712 1049 troeqeillist
729 972 785 1034 tene
800 984 872 1034 etiem
888 985 992 1034 crudelia
1007 985 1065 1034 bello
1079 991 1185 1046 muter
1195 987 1283 1035 crudeli

166 1077 169 1080 ·
182 1051 285 1112 prelio:
300 1066 342 1099 eec
361 1051 441 1114 lueres
457 1055 538 1099 luetur
556 1051 679 1114 Scytbiooe
689 1065 705 1098 e
722 1049 797 1098 bello:
816 1051 947 1098 Germania
956 1050 1011 1109 joee
1022 1049 1104 1114 incipit
1116 1051 1181 1099 extre
1194 1066 1207 1098 e
1218 1056 1283 1100 terre

185 1129 230 1163 ees
239 1114 356 1165 munta
364 1129 408 1178 per
417 1116 520 1165 colerere
529 1115 586 1163 eolis
593 1130 604 1173 ,·
619 1120 643 1164 et
660 1114 735 1163 Nilee
745 1118 870 1174 reetegnot
881 1113 951 1163 eodie
963 1115 1012 1163 eeie
1022 1115 1047 1163 ie
1057 1129 1136 1176 ugron
1171 1115 1237 1164 Tolle
1247 1121 1283 1164 ert

645 1255 828 1278 nonnemo

179 1353 235 1406 'eob
247 1363 305 1405 ortu
318 1357 455 1417 canicule,
470 1357 478 1384 ‘
490 1355 605 1407 Dimicet
616 1356 641 1405 in
653 1358 754 1407 cineres
771 1355 849 1413 orbis,
861 1353 992 1416 istumque
1003 1369 1149 1420 supremum
1163 1355 1284 1422 Sortitur,

187 1423 347 1486 languetque
359 1423 411 1469 suis
425 1422 565 1484 Neptunus
575 1423 600 1469 in
611 1421 701 1471 nodie:
710 1428 738 1471 et
749 1434 770 1469 1.
782 1423 838 1470 188.
862 1420 913 1468 ‘Et
925 1420 1022 1468 siccetn
1034 1421 1112 1481 turgis
1124 1421 1285 1472 strinxerunt

188 1500 295 1549 equore
313 1485 426 1534 terroe.''
444 1486 520 1535 Beet.
551 1489 559 1515 ⁴
572 1487 655 1535 Dedit
666 1486 767 1534 Auctor
777 1483 828 1532 tide
840 1483 907 1534 Cnd.
920 1483 1002 1532 Perie.
1015 1491 1043 1534 et
1054 1484 1171 1546 Regium.
1184 1485 1285 1545 jactetis

188 1552 215 1599 ie
225 1549 304 1605 endis.
321 1550 439 1598 nimirum
452 1551 511 1613 quie
526 1551 640 1600 enuntio
652 1559 705 1599 tom
720 1549 831 1598 menime
847 1549 1033 1598 exercitentur.
1067 1546 1118 1597 Atti
1137 1550 1234 1599 orelont
1248 1552 1286 1599 le·

188 1627 261 1677 gere,
273 1615 307 1662 Et
323 1614 415 1676 tepidos
430 1615 528 1677 pelagus
539 1615 660 1675 jactuum
675 1615 771 1675 hogeri
783 1613 810 1661 e'n
821 1614 903 1662 undas.
937 1613 1051 1674 Scaliger
1063 1626 1162 1662 versum
1175 1616 1210 1663 ite
1225 1629 1285 1664 con-

189 1679 285 1733 stituit,
307 1679 338 1727 Et
349 1679 454 1741 tepidum
463 1679 666 1741 pelogesjeciotis
676 1680 773 1740 longui
784 1678 811 1725 e'e
821 1677 898 1726 nudie.
932 1676 1046 1740 Tepidene
1054 1677 1152 1739 pelagus
1163 1679 1244 1740 erodit,
1253 1681 1286 1728 ob

190 1743 303 1792 colorem
312 1744 439 1791 uetitum.
456 1743 500 1791 Sic
510 1743 614 1806 ‘tepide
623 1741 704 1792 unde’
716 1747 824 1805 propter
835 1743 953 1790 erdorem
962 1742 1033 1802 solie,
1045 1742 1114 1804 epud
1125 1743 1172 1790 Sil.
1181 1743 1239 1793 ltel.
1250 1759 1287 1794 ιι.

188 1811 248 1856 289.
274 1807 410 1855 Sollemnie
422 1813 508 1855 eutem
521 1815 548 1855 et
560 1806 681 1872 frequens
691 1807 865 1856 Libreriorum
876 1820 957 1866 error,
969 1815 998 1855 ut
1010 1819 1087 1855 voces
1098 1808 1191 1869 lepidos
1202 1816 1228 1856 et
1239 1814 1288 1857 tre·

187 1872 258 1934 pidet
268 1871 338 1921 inter
349 1885 377 1919 ee
390 1878 587 1921 commutarent.
619 1872 696 1920 Unde
708 1870 815 1933 fectum,
832 1877 860 1919 ut
878 1869 1012 1920 (lemblec.
1027 1871 1126 1933 puriter
1138 1885 1168 1920 ec
1182 1873 1251 1936 Lipe.
1261 1875 1287 1922 b.

189 1939 208 1986 Ι.
219 1937 318 1999 legent,
330 1937 364 1984 Et
374 1936 492 1998 trepidare
505 1936 729 1998 pelogesjectoteue
738 1936 834 1997 languet
853 1934 878 1982 ie
895 1933 989 1984 endor?
1015 1934 1080 1985 Cod.
1093 1935 1162 1995 Lips.
1172 1936 1197 1984 ie
1209 1938 1287 1989 eredis.

191 1999 275 2049 Plure
285 1999 410 2063 ejuremodi
423 2000 543 2062 exemplu
554 2002 660 2063 collegit
673 2000 806 2050 Drekcnb.
819 1998 851 2047 ed
862 1998 952 2048 Silium
966 1999 1026 2048 ltel.
1042 2011 1081 2049 tv.
1095 1997 1160 2049 1ou
1177 2000 1289 2049 Stoen-

189 2068 240 2113 888
259 2065 351 2114 Mellet
362 2065 458 2126 Delplr.
471 2064 546 2123 serit.
570 2065 630 2114 vid.
644 2066 706 2114 Not.
717 2063 846 2114 toi-oss
862 2064 939 2126 Volg.
949 2064 975 2112 ie
985 2078 1064 2112 ouroe.
1088 2065 1177 2126 ‘Lege
1188 2067 1214 2113 ιίι
1222 2081 1290 2114 areo.

192 2129 319 2178 Diversus
331 2143 404 2179 error
416 2143 505 2192 supre,
514 2142 648 2192 seuumque
657 2129 748 2177 inducit
759 2130 786 2176 ie
796 2142 863 2176 oruc·
878 2127 930 2176 Ubi
943 2128 1077 2191 legebetur
1089 2129 1114 2176 ie
1122 2129 1211 2178 neron’
1221 2129 1290 2180 Suel.

191 2200 200 2221 ·
212 2191 256 2243 Ite
273 2194 340 2243 Scel.
352 2192 411 2241 iibri
423 2195 540 2256 plerique
550 2207 632 2242 euros.
664 2193 747 2242 Feret
758 2192 835 2240 Voss.
847 2191 889 2254 qui
902 2190 981 2241 babet
991 2207 1058 2240 nure.
1085 2193 1151 2240 Vide
1164 2208 1242 2256 eupre
1253 2209 1291 2241 ee.

191 2260 251 2307 m.
283 2258 383 2307 Temen
406 2258 503 2306 Noster
520 2269 557 2304 tv.
575 2260 633 2305 188.
649 2257 792 2319 ‘Nilusque
813 2263 960 2304 tumescens
979 2256 1011 2304 ln
1031 2269 1161 2316 cenerum,
1176 2267 1202 2306 et
1215 2259 1301 2306 tellne·

192 2321 319 2384 AEpyptie
331 2322 406 2384 jussu
417 2319 526 2370 nature!
559 2321 624 2370 Cum
641 2319 719 2381 igitur
730 2327 758 2369 ct
769 2333 837 2369 uiroc
849 2320 881 2368 de
893 2333 988 2368 cnucro
1001 2320 1129 2384 loquetur,
1141 2320 1198 2370 vide
1209 2335 1241 2370 en
1253 2322 1291 2372 eic

193 2385 308 2449 dederit,
324 2386 443 2450 Nilusque
452 2384 562 2433 tumescit
578 2385 605 2433 ie
618 2383 726 2432 ostrum’
742 2384 820 2432 Bent.
853 2383 935 2432 ‘eon
952 2384 1038 2432 Perie.
1055 2385 1182 2449 tellusque.-
1199 2393 1292 2449 epertn

193 2452 268 2499 vitio.
302 2452 357 2501 Pro
376 2452 403 2501 ie
421 2462 487 2507 oreo,
506 2447 571 2498 Cod.
590 2449 620 2498 Li
640 2464 661 2498 s.
677 2450 761 2498 Perie.
779 2455 807 2497 et
817 2448 928 2498 Veteres
940 2448 1056 2511 impressi
1067 2464 1165 2506 omnes,
1176 2451 1202 2499 ie
1212 2466 1292 2503 cerm.

194 2515 271 2565 Orrod
283 2530 334 2563 nou
345 2516 442 2563 absone
455 2514 552 2563 dictum
564 2513 597 2561 de
634 2514 676 2569 ilo,
685 2515 737 2577 qui,
764 2512 813 2562 uod
823 2514 893 2562 venti
906 2512 999 2575 plreviis
1007 2514 1107 2563 conctis
1115 2514 1176 2564 elibi
1185 2514 1292 2573 fuciunt,

193 2581 252 2643 ipse
270 2593 337 2645 eque
347 2594 393 2629 eue
404 2593 451 2640 per
463 2578 603 2663 AEgyptom
623 2586 718 2640 petret.
772 2583 837 2626 oret.
849 2589 893 2625 ιιι.
906 2577 991 2627 Germ.
1003 2577 1063 2627 Ode
1074 2582 1097 2627 8.
1107 2582 1149 2627 tu.
1166 2580 1241 2631 ‘Quo
1253 2592 1293 2629 tu·

194 2643 281 2693 euidue
293 2644 359 2706 riget
372 2658 434 2692 erra
445 2643 530 2692 Nilus.
572 2642 664 2692 Nullus
682 2649 777 2697 eutem,
794 2655 869 2705 qoem
887 2641 955 2696 noel,
973 2642 1070 2705 probus
1082 2646 1194 2707 scriptor
1205 2646 1293 2694 Nilum

194 2717 342 2757 tumescere
354 2709 380 2755 iu
388 2722 448 2757 eres
461 2706 536 2756 dixit.
561 2706 655 2771 Pomp.
666 2707 738 2755 Mele
749 2706 840 2755 estivo
849 2704 933 2755 sidere
944 2706 969 2753 id
982 2706 1037 2755 fieri
1050 2708 1141 2756 scribit
1152 2721 1171 2755 ι.
1183 2713 1207 2758 9.
1221 2723 1247 2770 p.
1259 2724 1292 2759 nr.

194 2776 222 2821 n.
234 2771 280 2822 lin.
312 2772 389 2823 Quod
407 2771 439 2820 ed
459 2772 552 2820 Sirium
569 2769 661 2830 refert,
678 2770 726 2819 sub
745 2769 803 2833 ipsu
821 2769 922 2818 Ceocro
941 2768 1091 2831 fulgentem.
1107 2770 1224 2820 Tibullus
1236 2785 1255 2822 1.
1268 2778 1293 2822 8.

196 2839 239 2886 211.
256 2839 379 2886 ‘erentes
398 2850 475 2899 quom
495 2834 571 2883 liudit
580 2835 660 2883 Sirius
671 2848 756 2898 egros,
768 2835 872 2883 Fertilis
884 2834 974 2882 aeetiee
987 2834 1059 2882 Nilus
1071 2835 1185 2884 ebundet
1197 2835 1294 2900 equs.''

197 2900 360 2950 Seven-oss
374 2900 455 2963 Vulg.
466 2898 517 2949 Hic
526 2900 612 2947 ilerere
621 2894 682 2947 11111
692 2904 736 2947 est.
753 2898 840 2959 ‘Lege
852 2896 903 2945 Hic
914 2912 992 2946 recum
1002 2898 1062 2946 eitee
1071 2904 1114 2947 erl.
1131 2900 1295 2962 Coecriqeem

196 2965 285 3027 ridere,
295 2970 336 3029 tc.
373 2962 514 3012 Meniieste
531 2963 620 3025 lectio,
639 2963 689 3009 uisi
709 2960 765 3026 quis
779 2960 848 3009 forte
861 2961 894 3009 ed
906 2961 960 3024 ejus
971 2962 1055 3011 lucem
1067 2964 1173 3025 caliget,
1188 2973 1218 3013 nt
1233 2978 1294 3015 noc·

199 3030 267 3078 tnini
281 3029 368 3078 oculi!
382 3029 449 3077 Scol.
475 3026 630 3089 'ingeniose
649 3024 718 3074 Scel.
736 3039 768 3073 ex
785 3024 949 3088 conjecture;
965 3038 1022 3073 curn
1034 3025 1101 3087 libri,
1113 3028 1189 3076 etiem
1201 3027 1295 3078 Gemb.

197 3092 336 3154 heberent,
353 3092 420 3141 Hinc
430 3094 517 3141 tim
525 3091 587 3139 sites
597 3094 640 3138 eet.
674 3089 772 3137 Firmet
783 3089 854 3151 lips.
866 3089 909 3154 qui
928 3088 994 3137 Hinc
1005 3104 1083 3139 rerum
1094 3096 1159 3140 eotee
1169 3096 1219 3141 eetr
1236 3108 1295 3156 pro·

199 3158 259 3221 pins
270 3158 355 3206 edbuc
367 3157 443 3205 Vues.
455 3155 523 3203 Hine
532 3166 610 3202 cerens
626 3157 704 3202 netu
718 3151 772 3201 eet!
791 3153 868 3201 Beut.
901 3152 984 3201 ‘Hec
1001 3153 1135 3217 Sceligeri,
1154 3170 1204 3205 non
1216 3159 1297 3207 nostri

199 3229 242 3270 eet
254 3221 345 3270 Podtee
357 3221 497 3283 scripture.
523 3218 632 3267 Firmeri
642 3216 744 3278 quidem
754 3216 821 3265 illem
833 3216 869 3265 eit
881 3216 992 3266 Criticus
1004 3218 1144 3268 Britannus
1153 3219 1216 3270 cod.
1227 3222 1297 3286 bipe.

199 3285 262 3341 lide,
280 3287 334 3349 qni,
351 3291 504 3333 recensente
522 3282 632 3343 Fellero,
643 3281 731 3341 bebet,
743 3279 809 3329 Hinc
819 3295 896 3329 rerum
906 3286 972 3329 eom
983 3287 1027 3329 est.
1059 3283 1241 3333 Vierscbrotns
1252 3300 1298 3333 ιιιι-

200 3359 264 3405 tem,
275 3363 328 3399 non
339 3348 524 3398 merceoeriem
536 3346 561 3394 in
573 3344 708 3395 enotendie
719 3346 858 3394 lectionum
869 3346 1038 3395 serietatibus
1047 3360 1151 3411 operere
1162 3348 1296 3406 collocene.

696 3490 803 3541 NO'l'AE

235 3592 285 3641 888
302 3588 396 3655 Morte]
417 3581 522 3653 Prelio,
541 3598 637 3654 pugne.
654 3588 731 3638 bello.
772 3586 805 3637 eb
816 3586 1014 3638 ermisbostium
1026 3588 1127 3638 timent.

202 3667 277 3716 Mese
291 3667 360 3715 enim
375 3665 436 3715 belli
454 3666 525 3715 Deus
539 3679 555 3713 e
567 3664 652 3729 poitie
662 3675 733 3726 serpe
808 3663 938 3713 Germanic
945 3668 1008 3713 eicco
1016 3665 1097 3714 tellure
1102 3662 1183 3727 sugit]
1193 3660 1299 3715 Mollem

203 3748 345 3804 usurpetur
356 3754 404 3803 pro
412 3738 481 3789 bello
488 3748 533 3789 ent
541 3740 641 3803 prelio.
663 3740 734 3803 Virg-
774 3752 823 3800 ego
834 3738 1003 3803 seril,snppl.
1014 3740 1040 3787 iu
1051 3754 1130 3787 ernon.
1162 3740 1300 3790 Germeoie

204 3818 309 3882 peeeirn.
775 3814 853 3875 enirn,
868 3814 929 3878 quis
945 3814 1038 3877 pluviis
1053 3814 1161 3863 obnoxie
1177 3830 1224 3879 per
1238 3817 1300 3879 bye-

237 3895 287 3940 oss
304 3891 359 3940 Nee
378 3889 503 3953 squu-
521 3889 628 3949 deseedii
645 3886 735 3953 lym]
775 3902 851 3945 ruem,
860 3889 900 3936 vie
912 3889 1017 3938 inerme
1028 3887 1100 3954 furit,
1110 3891 1158 3939 nisi
1170 3904 1217 3954 per
1228 3902 1300 3939 eete-

206 3965 377 4031 sopmbeno.
387 3965 736 4028 Scytbieregioeeteepteru·
776 3972 838 4025 tem,
850 3979 901 4028 que
912 3965 987 4013 telios
998 3967 1096 4014 siccete
1106 3974 1156 4015 eet.

206 4043 335 4103 trienniis,
352 4056 411 4105 qun
431 4042 526 4103 hyemie
543 4039 678 4103 frigoribus
696 4046 737 4088 eet
800 4044 858 4089 ’884
876 4042 993 4104 Nilusque
1011 4042 1119 4091 temeecit
1136 4043 1245 4106 isarno]
1264 4042 1302 4094 Ut

208 4117 312 4165 omuino
328 4116 449 4166 obnoxie.
482 4116 559 4165 Unde
575 4116 676 4178 Scytha
690 4129 738 4178 per
778 4114 927 4166 dictumest
940 4120 1045 4169 veuit.

209 4191 327 4255 hyemem
344 4206 392 4243 nec
408 4205 480 4243 erute
497 4198 617 4255 nectent,
628 4204 676 4242 nec
688 4191 738 4241 sibi
