3067 4875
251 340 293 403 10
702 352 897 401 remansio

247 512 420 576 possessor
440 494 473 557 in
497 496 779 570 commentatione,
794 495 835 559 de
856 495 960 576 prima
979 490 1114 558 Manilii
1127 494 1334 559 Astronorni·

246 614 360 661 corum
380 595 525 661 editione
542 615 564 660 a
577 595 600 659 J
602 615 709 659 oanue
732 596 1000 678 Regiomontano
1022 596 1250 679 Norimbergar
1265 598 1337 661 vul·

248 705 334 779 gata,
361 717 436 779 pag.
461 698 492 761 7.
536 695 758 779 Corrigendus
781 698 894 780 itaque
922 696 1109 775 Fabricius,
1131 699 1191 780 qui
1213 716 1333 761 aunum

246 800 342 863 14⁷3.
358 798 464 863 eidem
478 798 625 879 assignat
638 800 669 861 iu
686 800 776 863 Bibl.
789 798 865 861 Lat.
875 796 953 861 Vol.
969 814 1021 860 ιν.
1036 818 1112 882 pag.
1127 800 1202 863 356.
1246 798 1334 861 Ban-

245 900 320 963 dcm
337 920 401 963 nou
424 901 555 981 ambigo
576 900 712 964 laudare
732 906 915 964 ceterarum
929 900 1246 981 praestantissimam,
1260 906 1333 963 tan·

245 1020 344 1083 quum
360 1002 403 1064 ab
416 1020 459 1065 oo
475 1001 668 1065 adornatam
681 1002 766 1076 viro,
782 1000 839 1084 qui
852 1000 1162 1064 matbematicorum
1177 1008 1212 1063 et
1225 1001 1258 1064 in
1280 1000 1332 1063 bis

244 1104 539 1167 astronomicarum
563 1102 683 1185 peritia
698 1102 752 1167 rel
776 1102 851 1184 ipso
877 1100 1018 1165 Manilio
1033 1101 1147 1185 major,
1163 1103 1198 1165 in
1209 1101 1332 1165 deseri·

244 1202 355 1267 bendo
366 1202 438 1285 ejus
448 1204 593 1267 carmine
603 1221 685 1266 usus
695 1202 984 1285 uideturexemplo
995 1202 1120 1284 scripto
1131 1204 1332 1284 pervetusto,

243 1304 383 1368 lectione
397 1305 537 1380 sincera,
550 1323 611 1367 nee
625 1303 710 1367 loeis
725 1302 812 1367 adeo
827 1302 941 1366 multis
960 1304 1004 1366 ab
1020 1304 1149 1367 editore
1171 1309 1332 1378 correcta,

243 1404 335 1486 quod
351 1423 395 1467 ex
411 1404 502 1468 illins
518 1403 767 1487 comparatione
781 1424 856 1467 cum
865 1403 989 1467 Codice
999 1404 1183 1469 Parisiensi
1196 1403 1331 1484 colligo,

242 1504 301 1588 qui
317 1504 383 1569 lere
398 1506 508 1570 ubivis
521 1506 658 1569 eandem
674 1513 785 1570 servat
796 1504 984 1569 lectionem.

287 1605 388 1670 Hunc
403 1605 552 1671 codicem
568 1626 643 1671 rere
659 1606 815 1688 Regium,
831 1606 1019 1670 Parisiorum
1035 1611 1129 1688 puta,
1150 1562 1222 1670 cel
1241 1604 1332 1689 Cap-

243 1708 468 1788 perounerins,
483 1728 551 1790 quo
566 1714 619 1773 est
632 1726 714 1788 erga
738 1726 801 1771 nos
822 1708 935 1772 favore
955 1725 1092 1788 prorsus
1112 1706 1279 1787 singulari,
1294 1712 1332 1771 ut

242 1814 289 1873 tot
313 1809 482 1892 tantisque
506 1810 540 1872 in
563 1828 630 1873 rem
651 1809 818 1873 literarum
840 1808 1011 1891 publicam
1032 1808 1160 1871 meritis
1180 1809 1251 1871 suis
1265 1807 1330 1873 boc

243 1908 389 1984 adderet,
409 1910 592 1993 eodemque
606 1911 669 1975 sibi
684 1930 746 1975 nos
760 1911 922 1993 majorem
937 1911 970 1974 in
986 1910 1123 1973 modum
1137 1909 1330 1984 devinciret,

241 2029 304 2093 per
319 2012 450 2094 utrique
465 2012 571 2075 nostri
586 2012 826 2075 amicissimum
850 2011 1017 2075 Boeerium
1043 2009 1086 2072 ad
1109 2029 1162 2073 me
1187 2009 1329 2074 curavit.

242 2110 320 2189 Quo
335 2113 536 2195 perlustrato
551 2111 683 2190 uiridi,
705 2113 806 2176 bonae
828 2131 904 2175 enm
926 2130 999 2179 esse
1012 2111 1109 2193 frugi,
1123 2113 1255 2176 tametsi
1270 2112 1330 2177 vix

242 2214 396 2284 medentis
410 2215 487 2295 plus
500 2214 622 2279 abhinc
638 2214 733 2279 annis
754 2214 801 2278 sit
819 2214 951 2278 calamo
976 2219 1133 2277 exaratus
1151 2213 1329 2293 elegantis·

240 2315 336 2389 simo,
351 2315 460 2378 mirari
478 2315 620 2397 primum
634 2335 714 2380 mox
730 2315 892 2397 indignari
905 2314 1016 2390 subiit,
1037 2312 1128 2395 quod
1153 2314 1328 2378 Bentleius

240 2416 370 2481 silentio
386 2437 463 2480 suna
477 2437 575 2500 quam
594 2417 763 2500 pervicaci
783 2416 910 2499 sprevit
924 2415 1035 2480 varies
1054 2414 1127 2498 ejus
1149 2415 1327 2493 lectiones,

240 2537 261 2580 a
276 2515 346 2581 Cel.
363 2517 637 2596 Montefulcouio,
654 2518 743 2602 qnod
758 2538 777 2581 e
793 2517 984 2599 praelatione
999 2522 1144 2593 constat,
1165 2517 1228 2600 ipsi
1247 2537 1330 2600 sup-

239 2618 414 2701 peditatas.
459 2618 529 2682 Sed
544 2618 652 2684 noluit
664 2617 729 2682 Vir
741 2619 800 2682 ille
820 2619 1035 2682 acubssimns
1054 2619 1118 2682 nisi
1140 2619 1329 2700 obsequen·

239 2721 328 2784 tibus
351 2721 418 2784 sibi
439 2719 533 2784 libris
559 2720 620 2783 nti.
665 2720 784 2804 ltaque
810 2719 1040 2802 negligendum
1069 2721 1202 2802 putavit
1229 2718 1328 2798 banc,

239 2821 335 2906 quus
362 2819 571 2886 lucidissima
593 2821 766 2904 scriptnrae
788 2821 925 2885 veritate
947 2820 1054 2902 ipsius
1077 2822 1108 2883 in
1132 2819 1328 2902 corrigendo

239 2923 456 2987 temeritatem
471 2922 646 2988 infractum
660 2923 703 2987 iri
717 2923 854 3006 pulchre
868 2921 1044 3011 intellexit.
1087 2921 1161 2985 Nos
1172 2922 1328 3004 equidem

238 3041 279 3086 eo
293 3023 478 3106 impensius
501 3025 701 3104 gratulamur
722 3033 757 3092 et
776 3025 863 3089 libro
887 3023 955 3086 Ma.
977 3030 1011 3087 et
1030 3023 1138 3087 nobis.
1184 3022 1241 3086 llli
1254 3024 1328 3105 qui·

238 3124 323 3202 dem,
342 3124 435 3208 quod
459 3125 534 3210 ejus
557 3125 807 3210 lectionesnon
831 3131 897 3189 tam
921 3126 1007 3189 male
1032 3131 1110 3189 sunt
1133 3123 1257 3189 habitae
1283 3125 1341 3189 ab

238 3221 431 3290 Aristarcho
457 3227 629 3305 Britanno,
656 3226 935 3310 quemadmodum
961 3227 1082 3290 ceteris
1106 3245 1126 3290 e
1149 3226 1242 3291 libris
1265 3245 1327 3291 ex·

237 3331 372 3408 carptae,
396 3326 494 3410 cujus
517 3328 562 3391 rei
588 3328 773 3411 specimina
793 3328 920 3412 passim
949 3328 1036 3409 leges
1058 3329 1092 3391 in
1113 3328 1326 3391 annotatione

236 3435 368 3491 nostra:
390 3429 485 3492 nobis
500 3437 621 3507 autem,
638 3430 728 3512 quod
750 3432 859 3513 prima
878 3429 976 3513 hujus
998 3428 1135 3492 Codicis
1150 3429 1326 3494 collatione

238 3529 477 3611 pensiculatius
492 3531 582 3596 faeta
599 3532 774 3614 pristinum
795 3531 939 3596 Manilio
954 3529 1090 3594 reddere
1104 3529 1326 3613 splendorem,

235 3646 357 3693 novum
373 3628 493 3694 addere
508 3633 779 3697 commentationi
793 3639 930 3708 nostre,
946 3632 1123 3715 potuimus.

279 3729 356 3794 Hos
372 3729 674 3812 igitnrManilianoe
690 3733 737 3797 rei
749 3739 893 3797 statores
908 3735 1025 3808 secuti,
1041 3731 1177 3796 eosdem
1193 3735 1324 3799 nonnisi

235 3851 364 3895 summa
380 3839 513 3912 urgente
528 3834 727 3898 necessitate
742 3835 955 3898 deseruimus.
987 3833 1107 3916 Neque
1117 3837 1222 3916 magis
1233 3835 1325 3918 apud

236 3953 295 3996 nos
311 3933 414 3997 valuit
429 3931 565 3997 Codicis
579 3935 662 4000 Msti
674 3937 862 4012 sinceritas,
872 3955 972 4019 quum
985 3955 1111 3999 summa
1124 3935 1324 4018 Regiomon·

236 4035 302 4100 tani
317 4034 498 4098 auctoritas
513 4053 584 4098 curn
602 4037 762 4118 probitate
777 4035 967 4118 conjuncta.

278 4134 413 4202 Etenim
432 4134 548 4200 Codex
571 4136 628 4200 ille
651 4157 750 4202 manu
775 4138 854 4202 ltali
877 4135 1051 4222 cujusdam
1072 4146 1231 4203 exaratus
1253 4147 1322 4203 tarn
