3067 4875
286 337 352 404 ⁴32
722 355 762 403 rt.
785 355 939 404 tranunt

287 495 355 560 Per
367 499 495 578 septem
507 496 635 572 fauces,
651 501 753 578 atque
768 514 828 560 ora
840 495 987 580 fugantia
1003 502 1151 579 pontum.

333 597 432 662 Nunc
447 617 521 680 aga,
536 604 618 681 quot
632 599 752 664 stadiis
766 605 802 662 at
812 606 939 681 quanto
950 605 1099 681 tempore
1112 607 1252 680 surgant
1316 599 1385 665 275

288 695 417 774 Sidera,
433 706 580 782 quotque
600 698 734 776 uadunt,
752 701 861 764 auimo
876 718 1043 782 cognosco
1059 701 1194 781 sogaoi;

289 797 344 863 No
359 819 480 882 magua
491 802 525 864 itt
540 800 701 865 brevibus
718 807 858 883 pereant
869 800 1068 886 compendia
1083 801 1196 866 dictis.

286 981 368 1030 stellas
377 981 438 1031 tuli.
469 981 528 1029 Just
536 995 591 1030 uara
601 995 657 1042 aga,
666 980 759 1044 percipe
768 980 851 1032 soleti
862 985 938 1030 saeate
947 996 977 1030 ao
985 981 1115 1046 peraptum
1125 982 1211 1037 anino,
1220 987 1276 1046 qaut
1285 984 1384 1046 stadiis,

288 1051 312 1094 et
323 1049 409 1108 muts
417 1050 527 1109 teutperu
537 1047 608 1108 sigas
615 1046 865 1108 qaaeqaeeeuriuatar,
872 1049 972 1108 qaotqae
982 1045 1099 1110 occidunt,
1107 1060 1136 1096 ae
1142 1047 1219 1109 ionga
1225 1049 1333 1110 epitm
1342 1064 1384 1097 aa·

745 1188 896 1209 ΟΟΟΟΟΟ
897 1189 926 1210 00

290 1287 338 1335 bus
355 1299 427 1334 error
443 1284 564 1334 ereverit.
596 1286 661 1338 cnm
677 1301 734 1351 psas
751 1287 925 1350 reposuissent
940 1286 1039 1336 librarii
1053 1301 1099 1351 pru
1118 1303 1173 1351 que.
1184 1289 1340 1353 sequebatur
1351 1298 1383 1340 at

289 1349 427 1398 eraderent
442 1364 518 1398 arua:
537 1365 647 1414 tutnqna
658 1351 683 1398 in
697 1350 781 1412 priore
794 1365 870 1399 versu
881 1351 1042 1412 disperiisaet
1058 1353 1175 1409 Niliacas,
1193 1367 1301 1403 trecense
1323 1365 1383 1403 erat

290 1421 319 1463 ut
332 1414 404 1462 Nilus
418 1414 468 1462 ttttc
482 1415 661 1476 ingereretur.¹
680 1414 751 1464 fleat.
785 1422 792 1444 ⁸
807 1415 876 1464 Libri
889 1416 977 1478 rcripti
991 1417 1088 1477 pariter
1099 1431 1129 1464 ae
1140 1417 1268 1480 impresri,
1280 1428 1382 1466 tautum

291 1492 451 1591 aoqiq'ques,
464 1477 654 1602 'iwanum
666 1481 704 1527 sie
715 1486 922 1603 repgtesetgsut:
937 1480 1004 1592 (ticieus
1019 1479 1204 1595 mssuoediquisb
1211 1483 1385 1596 grutr‘dqsrtur·

289 1557 332 1592 aea
406 1555 482 1592 amata
619 1558 662 1592 era
780 1559 801 1592 c.
860 1557 1034 1592 uraumae
1205 1559 1385 1595 uiueres

291 1621 324 1654 ex
335 1604 402 1654 inira
414 1605 530 1654 dicendis
542 1606 574 1654 ad
591 1621 629 1654 ra.
640 1557 752 1656 osmi
764 1621 851 1656 ruram
863 1608 1019 1670 Bautteium,
1031 1559 1314 1665 fruatrfflmen.’aunm
1325 1563 1385 1659 air«

292 1671 393 1719 videbis
402 1670 585 1719 substituisse!
600 1670 759 1720 &aem-276
777 1670 851 1720 Rom.
863 1678 890 1718 et
901 1671 970 1734 vulg.
983 1678 1010 1720 et
1020 1672 1056 1719 sie
1070 1672 1155 1722 Paris.
1165 1689 1260 1736 qaaqae.
1277 1674 1385 1724 ‘serite

290 1739 391 1798 qaotpae
401 1736 495 1783 eadaat.
507 1743 570 1796 quot
581 1734 672 1784 stadis.
705 1735 798 1798 supra,
811 1735 894 1786 'Quot
906 1743 1014 1796 surgunt
1025 1736 1050 1784 in
1059 1750 1159 1800 qaoque
1171 1738 1229 1787 ioco
1237 1738 1386 1800 cedantque

292 1813 341 1861 per
361 1796 469 1846 noras.''
484 1797 627 1848 &st-att
645 1799 720 1849 Rom.
742 1805 770 1847 et
788 1800 856 1863 vulg.
877 1799 918 1848 Ne
935 1814 1022 1862 magun
1038 1800 1066 1848 ia
1080 1798 1194 1850 drepidas.
1210 1807 1218 1831 ¹
1227 1802 1300 1850 Tulle
1310 1801 1341 1850 τὸ
1351 1803 1386 1852 t'a.

294 1863 430 1924 Nem-u
441 1862 548 1911 hardas
558 1866 662 1912 urent.
688 1861 809 1913 Potitios
830 1859 903 1911 tinisa
915 1863 1119 1912 committiturio
1130 1866 1257 1928 sequenti.
1289 1867 1384 1930 Supra,

289 1927 420 1990 ‘Quaqua
434 1929 490 1975 toea
503 1927 600 1989 triptici
611 1926 794 1989 ripuaritiiuaa
806 1878 905 1976 ductu!
936 1927 1096 1989 compendia
1107 1943 1139 1976 ne
1149 1936 1255 1978 careant
1266 1929 1386 1979 brevibus

292 1989 376 2040 dietis.
412 1989 471 2040 Hoc
491 1999 541 2052 est¹
560 1989 629 2056 quod
648 1991 767 2054 superios
785 1989 905 2042 dixerat:
922 1990 975 2042 ‘Ut
994 1991 1082 2042 brevia
1097 1991 1123 2040 iu
1142 1993 1217 2057 longo
1231 1995 1387 2058 compendia

785 2118 894 2170 Nom

292 2215 408 2276 mittunt,
418 2221 446 2265 et
462 2213 588 2273 referunt,
605 2223 635 2266 ut
653 2216 720 2266 diait
732 2215 817 2265 Poita
858 2229 946 2263 rerum
966 2212 1044 2265 facila
1064 2223 1105 2266 eat
1131 2224 1233 2267 ceteras
1260 2221 1386 2281 temporis

293 2305 326 2340 tt·
337 2295 376 2342 80.
386 2295 427 2340 ao.
443 2299 471 2340 et
487 2305 560 2355 seqq.
592 2290 636 2340 its
650 2292 718 2339 enim
734 2291 816 2342 eredi-
857 2296 940 2339 sortes
961 2292 992 2339 ad
1014 2291 1071 2340 hae
1093 2292 1142 2340 duo
1163 2307 1257 2355 genera
1281 2294 1390 2346 referre.

293 2368 355 2418 dere
363 2376 471 2418 veteres.
488 2368 654 2419 Recentioras
665 2375 751 2418 autem
762 2367 818 2418 Nili
859 2365 949 2430 ltaque
966 2365 1094 2430 duplicem
1112 2369 1258 2418 methodum
1277 2371 1388 2421 traditu-

294 2451 386 2492 tstum
406 2440 566 2493 reserantia
587 2444 670 2505 uires,
691 2458 750 2507 quae
772 2458 819 2507 per
861 2457 903 2490 rua
925 2452 965 2491 est
985 2444 1134 2493 inveniendi
1154 2444 1222 2493 iliius
1250 2447 1388 2511 utriusque

294 2525 413 2567 estatem
430 2517 573 2581 ttqnefiuut,
584 2526 613 2568 at
629 2527 706 2569 ruunt
721 2532 820 2569 auton·
860 2524 1003 2580 temporum
1016 2518 1102 2579 sortis,
1113 2518 1231 2569 horarum
1247 2520 1350 2571 seilicet
1360 2528 1387 2571 et

295 2592 366 2641 tibas
389 2592 534 2656 Ethiopian
569 2596 667 2644 Neaeio
687 2610 737 2658 ego
759 2594 819 2660 quid
860 2590 1009 2642 atadiurum.
1041 2592 1110 2643 Quid
1122 2602 1208 2642 antem
1224 2596 1275 2645 aiat
1293 2596 1388 2651 stadia,

294 2674 455 2715 commentus
471 2669 505 2717 sit
521 2670 636 2733 Scaliger
654 2671 686 2719 de
705 2671 821 2719 similitu·
860 2667 894 2714 de
912 2666 1005 2730 quibu!
1023 2667 1064 2716 hic
1076 2669 1129 2731 Ιείῑ
1141 2668 1270 2725 ΜΙΙΙῙΙῙΜ,
1282 2680 1312 2720 et
1324 2678 1388 2736 quoi

294 2742 355 2790 diue
366 2742 419 2791 Nili
432 2751 532 2804 septem
544 2746 610 2794 ostia
621 2746 750 2801 trahentis,
762 2760 821 2796 eum
861 2760 909 2807 per
917 2752 998 2794 totum
1008 2745 1107 2794 audisti
1116 2746 1239 2796 circulum
1248 2747 1388 2809 ducantur,

295 2825 394 2881 reptem
407 2819 527 2880 planetis.
561 2820 641 2873 Quasi
653 2834 713 2869 aero
724 2834 756 2870 ea
767 2818 819 2869 fue·
856 2820 911 2881 jans
932 2817 997 2868 inira
1014 2834 1099 2870 sumus
1116 2822 1289 2883 eapticaturi:
1308 2832 1337 2873 et
1354 2838 1386 2873 ea

295 2894 330 2942 rit
342 2893 533 2942 Mauiiiimeus.
861 2894 975 2958 ejusdem
995 2894 1072 2944 dietis
1091 2910 1122 2945 ao
1144 2898 1263 2946 doctrina
1279 2898 1387 2962 figurata

327 2974 376 3019 att
402 2969 515 3033 Psatara]
542 2970 822 3021 Maraidediterraua·
862 2983 922 3033 pag.
939 2972 997 3019 ⁴⁸4.
1013 2970 1105 3019 excudi
1122 2972 1275 3029 curarimus,
1293 2975 1320 3023 iu
1337 2988 1387 3039 qua

296 3060 349 3105 um,
360 3046 387 3093 iu
397 3046 466 3109 quod
483 3061 511 3094 se
527 3047 600 3097 Nidus
616 3058 739 3097 exonerat
751 3062 821 3111 mag·
861 3044 933 3108 quati
949 3046 998 3095 rub
1019 3046 1104 3095 ocutos
1121 3048 1279 3111 subjecimus
1307 3058 1388 3101 tutam

295 3123 516 3184 uueumimpetu.
548 3121 821 3184 Undai’aptu.'rtreb.
861 3121 979 3170 hauoda
1000 3122 1088 3171 stadiis
1113 3122 1281 3173 Manilianam
1307 3126 1389 3175 ratio·

296 3209 357 3244 vrtt.
369 3195 402 3244 de
418 3197 479 3245 Nilo
496 3197 576 3246 dixit:
596 3192 765 3263 ‘septemque
778 3214 822 3263 pa·
862 3210 929 3244 uem.
974 3195 1046 3246 Alias
1068 3196 1134 3246 enim
1157 3213 1207 3247 nou
1227 3199 1266 3249 ita
1282 3201 1387 3249 obvium

296 3272 411 3319 tentibus
423 3272 489 3319 arria
500 3272 531 3321 Iu
543 3287 614 3321 mare
625 3273 676 3322 fert
686 3273 810 3337 hyemem’
861 3271 952 3333 cuique
970 3267 1063 3319 inisset
1077 3271 1125 3320 hue
1143 3271 1283 3322 stadiorum
1296 3289 1388 3337 genua,

329 3349 376 3395 att
395 3346 466 3395 Nune
475 3349 531 3412 agr]
556 3348 606 3397 iiis
625 3353 649 3398 a.
667 3364 716 3397 uss.
734 3357 822 3401 monet
861 3344 987 3414 diuersum
999 3358 1045 3407 per
1055 3347 1169 3395 diuersos
1176 3346 1305 3409 signorum
1316 3356 1388 3399 ortus

297 3420 491 3471 setraditurunr
508 3424 654 3471 methodum
674 3424 822 3474 inveniendi
862 3430 890 3471 et
908 3434 1021 3483 oratur,
1033 3436 1096 3484 quos
1113 3422 1203 3485 vulgus
1222 3424 1388 3475 aaeeuriottea

298 3497 532 3560 tempuaethoraa,
552 3513 616 3562 quas
635 3498 735 3559 tinguis
749 3500 824 3563 sigua
862 3496 1175 3545 etdesceuaionearoeat.
1208 3496 1317 3546 Interim
1334 3512 1389 3548 ruo·

296 3572 407 3632 ducunt,
423 3572 483 3620 dum
504 3573 622 3622 oriuntur
643 3580 670 3623 et
690 3574 822 3624 occidunt.
862 3585 910 3619 ueo
922 3584 971 3619 nou
988 3570 1126 3620 convenire
1146 3571 1387 3623 interseauetorea

297 3648 435 3710 Duplicem
446 3656 533 3697 autem
543 3647 670 3711 eiusmodi
680 3647 761 3698 tradit
770 3662 823 3697 ate·
863 3645 896 3695 da
912 3644 1050 3694 rtadiorum
1063 3658 1171 3695 numero
1185 3659 1231 3708 per
1250 3652 1334 3696 toturn
1346 3662 1387 3698 ao·

296 3724 412 3783 titatium,
423 3724 529 3772 aiteram
539 3738 554 3772 a
564 3738 601 3773 aa.
611 3728 668 3774 m.
677 3724 709 3773 ad
720 3739 756 3773 vs.
766 3728 824 3774 tot.
863 3721 971 3770 diaeum.
1004 3718 1054 3769 atti
1072 3720 1139 3769 euim
1157 3722 1224 3783 pius,
1242 3722 1285 3770 aiii
1305 3724 1388 3773 minus

297 3798 405 3847 atteram
423 3812 515 3847 aaron
536 3814 572 3846 ss.
583 3804 640 3849 sot.
659 3802 692 3849 ad
712 3815 750 3849 rs.
767 3804 824 3849 821.
864 3810 939 3858 quam
950 3798 1008 3845 tto.
1024 3794 1107 3844 stadia
1120 3808 1176 3845 asae
1189 3796 1286 3847 rolaut.
1320 3800 1388 3849 Cott-

297 3872 381 3922 Porro
389 3875 501 3939 loquitur
513 3883 612 3925 tautum
624 3876 707 3925 Poita
715 3876 747 3923 de
755 3876 824 3925 truria
863 3874 919 3923 suia
932 3872 1031 3923 firmic.
1043 3884 1087 3921 ιιι.

295 3955 324 3999 at
335 3949 433 4004 stadiis.
446 3950 537 4014 quibus
552 3951 654 4013 ringula
670 3953 742 4013 sigua
753 3950 824 4001 audi·
894 3952 942 3998 m
961 3947 1318 4013 Nemugnaiadreuidus‚d·c.]
1343 3950 1387 4001 Sia

296 4025 335 4073 aei
348 4026 507 4081 exoriuntur,
523 4033 551 4075 et
567 4026 705 4075 occidunt:
723 4026 756 4074 de
768 4026 824 4075 aliis
863 4030 959 4077 tum.
975 4027 1029 4077 ‘Ut
1040 4026 1127 4076 brevia
1139 4026 1163 4075 iu
1178 4026 1255 4090 lungo
1266 4042 1386 4095 compen·

298 4112 358 4146 sero
371 4110 515 4161 temporum
532 4103 675 4152 rationibua
692 4116 739 4151 nea
754 4116 826 4151 mau-
865 4102 1027 4151 diaoarmiue
1039 4099 1177 4167 presteru'

297 4175 394 4225 tionem
413 4176 486 4241 tacit,
501 4191 551 4229 nea
569 4176 716 4229 methodum
728 4176 825 4228 tradit:
