3067 4875
258 365 302 428 46
695 374 732 419 ιι.
758 372 911 421 nanum

263 517 411 584 Omnibus
422 528 452 581 et
473 514 579 579 mundi
588 512 706 599 facies,
720 513 883 599 celumque
898 534 1080 598 supernum:

258 618 304 685 Et
318 626 437 685 natura
451 618 545 702 dedit
558 617 659 692 vires,
675 634 778 698 seque
793 616 868 698 ipsa
882 615 1029 694 reclusit,

258 722 405 804 Regulos
420 719 548 785 animos
562 718 701 801 primum
716 717 854 799 dignata
868 736 1014 795 munere,

258 823 421 887 Proxima
438 825 611 901 tangentes
626 838 736 883 rernm
751 818 885 900 fastigio
898 820 1006 883 coelo:
1048 904 1052 911 Ι

262 921 333 999 Qui
349 923 503 987 domuere
519 920 608 984 ieras
620 924 733 1001 gentes
749 921 876 985 oriente
887 920 949 983 snb
963 921 1052 1002 ipso,

261 1020 348 1091 Quos
362 1031 441 1085 secnt
456 1017 652 1104 Euphratem·
674 1019 707 1081 s'n
722 1041 800 1103 qnos
813 1029 842 1083 et
857 1017 950 1082 Nilus
962 1019 1105 1098 innudet,

254 1239 377 1289 utuntstt
395 1240 431 1289 ito
442 1238 547 1298 sornorn
562 1238 704 1289 exteriorem
719 1240 779 1301 end,
793 1244 818 1288 et
835 1239 917 1289 eniens
932 1239 1010 1302 ipensn
1024 1253 1155 1303 ssprensssns
1167 1242 1194 1289 in
1210 1254 1266 1290 sess
1279 1256 1348 1304 qsss·

257 1320 301 1367 qne
318 1310 398 1367 partes
414 1303 533 1368 temperis,
550 1307 577 1351 nt
593 1304 761 1353 innotescerent
779 1303 885 1352 osnnitns
900 1304 1049 1362 nominibus:
1067 1310 1091 1353 et
1105 1305 1193 1354 indidit
1210 1307 1270 1354 teies
1286 1305 1350 1355 oires

255 1374 342 1417 notnrn
356 1377 384 1417 nt
395 1369 446 1431 ipso
461 1366 597 1431 patefecerit
613 1380 673 1431 sese,
688 1367 804 1431 principio
819 1368 919 1429 dinemo
938 1369 1043 1417 excitare
1055 1376 1145 1418 nentes
1158 1382 1249 1430 regern,
1259 1370 1301 1431 qni
1311 1374 1349 1418 ot·

255 1435 374 1494 desperent
394 1432 489 1494 ingenio
509 1432 611 1480 oduino
631 1446 709 1480 rernm
731 1432 809 1481 sisino
829 1433 904 1489 cosm
924 1433 965 1494 qni
982 1432 1070 1481 sciticet
1090 1432 1236 1493 subjecerunt
1251 1433 1349 1495 imperio

255 1510 298 1545 sno
318 1498 414 1558 popntos
425 1495 517 1556 seroees
532 1495 559 1544 in
579 1496 629 1559 ipso
648 1496 739 1547 oriente
757 1510 814 1559 ques
832 1495 965 1559 Enpirotes
981 1496 1108 1561 interm,
1121 1503 1145 1545 et
1161 1498 1187 1545 in
1203 1512 1259 1560 qaos
1276 1498 1349 1545 Nitss

254 1558 356 1623 effendit
377 1574 413 1623 se,
431 1575 459 1609 eo
475 1558 586 1609 nimirum
607 1563 684 1622 porte,
708 1575 754 1623 qno
775 1560 857 1609 enim
877 1561 1005 1609 reuertitur
1026 1566 1051 1609 et
1065 1561 1168 1610 soisdnr
1183 1576 1251 1623 snper
1268 1562 1349 1623 nigros

256 1844 308 1886 tem
330 1835 524 1899 potentiamque
543 1846 614 1881 susm
634 1832 739 1889 exserit,
761 1845 855 1895 nempe
873 1832 900 1882 in
922 1834 1006 1885 ento?
1022 1836 1166 1886 &oei-tt)
1183 1836 1277 1899 Deipir.
1296 1838 1348 1886 enti

249 1902 337 1961 sneies.
353 1900 410 1949 Vss.
418 1902 458 1948 89.
468 1905 495 1947 et
504 1901 546 1946 40.
558 1899 664 1946 enninnt
676 1896 776 1947 seodd.
786 1896 923 1949 Gesnbinu.
934 1908 962 1950 et
972 1900 1058 1950 Paiat.
1076 1900 1168 1965 Neque
1175 1901 1239 1950 edit.
1250 1902 1347 1951 Borion.

256 1973 284 2014 et
302 1964 420 2027 Regium.
439 1977 484 2012 eos
503 1965 719 2025 agnoscunt-⁴⁰
738 1962 832 2025 Deipb.
858 1965 1013 2014 auctoritste
1035 1964 1163 2014 Editioois
1188 1965 1261 2014 Rom.
1295 1966 1348 2014 No·

256 2034 360 2090 tnraeqns
371 2028 395 2076 d.
403 2042 424 2075 ιι.
433 2040 458 2075 se
470 2041 521 2089 qssoe
532 2028 550 2076 i.
562 2042 583 2077 r.
617 2026 694 2076 ‘snit
706 2025 795 2075 Dens:
817 2033 846 2075 nt
862 2040 890 2075 se
907 2028 964 2093 ipss
984 2027 1131 2079 rectudeset
1142 2044 1173 2079 ae
1190 2028 1350 2091 pateieeeret

256 2106 345 2141 earum
357 2104 439 2141 serum
451 2089 640 2141 esurissent-tt
658 2091 825 2154 suppositum
842 2090 910 2140 hune
923 2107 1024 2143 sessum
1034 2092 1119 2142 eredit
1130 2094 1206 2143 Bent.
1227 2094 1286 2141 ‘An
1299 2096 1350 2143 Eu·

255 2157 361 2219 phrates
370 2162 438 2204 senet
447 2159 548 2216 genior
580 2155 675 2203 Terrns
688 2155 774 2215 potins
785 2163 813 2204 et
828 2169 933 2219 campos
944 2156 1107 2207 arbitrabar:
1125 2158 1151 2206 in
1161 2173 1220 2222 qnos
1229 2158 1348 2215 tendet,-

258 2219 485 2270 nerbsredictuns.
513 2220 548 2269 Et
559 2218 656 2269 frustra
667 2219 815 2269 Gronovius
824 2220 958 2271 substituit
967 2222 1042 2285 riget.
1068 2221 1164 2286 Riguus
1174 2236 1260 2272 omnes
1271 2231 1349 2286 atque

751 2348 858 2399 NOTAE

256 2448 326 2513 gotis
347 2448 418 2497 Deua
441 2447 566 2510 disposuit
588 2461 636 2510 per
658 2453 783 2510 tempora.
822 2454 902 2496 srtem
912 2447 1054 2499 dimanssse
1065 2448 1191 2500 creditum
1203 2457 1252 2500 est.

256 2526 316 2575 Nun
328 2524 395 2573 enim
405 2525 536 2584 Denssns,
543 2523 589 2572 sed
598 2523 726 2572 hominum
738 2536 782 2571 ne·
853 2525 883 2571 st
903 2523 1005 2584 negate·
1015 2525 1116 2588 eninm]
1138 2525 1231 2587 Reges.
1255 2522 1347 2574 Belum

255 2597 487 2663 gottatnsetttqttus
498 2598 672 2662 disposuisse.¹
702 2599 783 2650 Onesi
821 2612 882 2647 sene
900 2607 975 2649 notet
990 2601 1141 2665 Babylonio
1158 2616 1258 2664 regem
1276 2608 1350 2651 notat

255 2690 318 2725 vero
332 2688 364 2724 en
374 2675 408 2724 sit
420 2674 520 2724 Manilii
531 2675 666 2726 sententia.
700 2675 783 2726 Immo
821 2682 849 2724 et
860 2673 1040 2725 Chaidoeotusn
1054 2684 1082 2726 et
1093 2676 1253 2741 Assyriorum
1272 2691 1348 2740 seges

254 2751 292 2802 ait
303 2749 387 2799 Pniitn
398 2751 482 2800 Deum
502 2750 539 2799 ita
556 2751 677 2800 seniorum
689 2749 783 2801 t'aciem
820 2750 892 2809 elios,
913 2759 978 2813 puts
1003 2751 1168 2802 Zoroastren
1196 2753 1348 2802 Bactriano·

254 2825 410 2875 exteriorem
427 2833 454 2874 et
471 2825 621 2876 interiorem
641 2826 784 2889 disposuts·
821 2838 877 2874 rum
888 2839 985 2890 regern,
998 2828 1041 2891 qut
1051 2825 1166 2878 sideratis
1177 2828 1349 2892 scientiepe·

254 2915 283 2950 se
295 2914 343 2964 per
352 2913 398 2948 sus
413 2914 524 2965 qunque
537 2910 661 2965 tempora,
671 2902 721 2951 ison
733 2911 783 2958 est,
820 2900 956 2951 ritinsisuus
967 2900 1026 2952 tuit.
1058 2903 1129 2953 Ptin.
1140 2917 1205 2954 xxx.
1218 2910 1276 2954 t.et
1287 2903 1349 2955 Jun-

254 2989 303 3040 per
325 2976 448 3039 temporis
469 2975 669 3038 vicissitudines,
687 2984 783 3027 mutus·
821 2977 899 3026 timi.
928 2978 1042 3028 chaldei
1060 2992 1181 3045 nemque,
1201 2978 1302 3043 Assyrii
1320 2987 1350 3030 et

253 3065 305 3116 que
325 3051 472 3112 interestis,
487 3059 516 3100 ut
531 3058 640 3115 utraque
656 3051 721 3102 bene
738 3053 782 3102 iso·
820 3051 936 3115 AEgyptii
959 3053 1034 3116 primi
1055 3054 1148 3104 coeium
1170 3054 1349 3107 observarunt.

255 3126 366 3176 minibus
384 3127 575 3178 innotesceret:
596 3128 613 3178 i.
636 3141 660 3179 e.
683 3135 713 3176 nt
730 3141 782 3176 non
821 3128 849 3177 Si
861 3135 947 3176 tamen
964 3129 1088 3193 duaeque,
1105 3129 1226 3195 Antiq.1.
1241 3134 1349 3182 litere·

254 3203 336 3251 seium
348 3203 406 3252 eoeii
416 3216 447 3252 se
456 3201 568 3253 siderum
578 3203 695 3253 notitiem
704 3202 782 3252 habe·
820 3203 912 3260 dimus,
927 3205 1024 3267 primns
1034 3205 1194 3255 Abrshsmus
1205 3206 1348 3258 sacerdoti-

255 3285 314 3326 rent
328 3277 458 3340 hominen
474 3278 520 3327 sed
538 3285 566 3328 et
584 3279 642 3327 eoeii
659 3277 782 3327 siderum·
821 3280 869 3329 iroe
881 3278 1008 3343 AEgpptiis
1026 3281 1188 3330 astronomia
1199 3288 1281 3332 artem
1293 3289 1347 3332 tra·

255 3366 306 3416 qne
325 3352 392 3402 eires
410 3359 438 3403 et
455 3351 607 3402 affectiones
623 3353 725 3416 penitus
743 3353 782 3402 in·-
820 3354 903 3405 didit:
920 3355 1064 3421 eademque
1075 3357 1186 3408 seientia
1202 3358 1291 3408 Moses
1302 3372 1347 3407 ex·

256 3427 480 3484 tuerentur‚unde
495 3427 782 3478 tuturosrerunseven·
820 3429 918 3480 eeiiuit.
1064 3483 1067 3490 ,

257 3509 299 3552 tus
312 3502 492 3565 presidemus.
851 3509 884 3556 tt
898 3507 1238 3573 Tangentessostigiarersnn]
1259 3507 1347 3563 nten-

287 3580 320 3627 su
346 3579 380 3627 nt
401 3576 498 3640 notnrn]
520 3577 586 3628 Vult
607 3579 674 3627 enim
698 3577 781 3628 Po'e'ta
821 3591 912 3643 gentes
923 3591 1019 3640 mente,
1030 3591 1058 3633 et
1068 3585 1245 3649 concipientes
1254 3599 1295 3634 ses
1306 3599 1346 3634 sn·

255 3654 338 3703 Deum
351 3661 451 3702 nature
460 3659 591 3703 auctorem
600 3653 648 3717 ipsi
658 3652 783 3704 indidisse
820 3671 907 3721 peras,
919 3673 949 3707 ne
960 3660 1089 3709 scelestes.

254 3730 299 3779 iras
311 3729 388 3793 vites,
404 3734 432 3778 nt
447 3728 505 3792 ipsa
519 3743 575 3779 sese
595 3729 743 3780 recluderet
754 3733 783 3780 et
851 3737 884 3782 ts
902 3734 951 3790 Qni
961 3737 1077 3792 nonnos,
1092 3737 1147 3800 qn]
1163 3737 1234 3786 Puta
1253 3735 1345 3786 Baium

255 3805 417 3869 patefaceret
428 3804 538 3869 primum
560 3804 671 3869 regibus,
685 3805 782 3856 deinde
820 3821 907 3870 regem
928 3809 1089 3876 Babylonia,
1106 3824 1181 3875 qnam
1202 3811 1275 3859 attuit
1292 3811 1345 3860 En·

253 3879 439 3930 sacerdotibus.
472 3879 565 3943 Itaque
584 3879 668 3930 innuit
685 3881 782 3944 primos
820 3883 924 3947 pirates
935 3884 968 3934 nd
979 3885 1113 3935 orientem.

256 3955 417 4006 astronomia
436 3957 585 4006 intentores
601 3953 680 4005 tuisse
697 3969 782 4019 reges.
851 3961 883 4008 44
909 3959 1261 4023 Enpirstes100teberrinas
1287 3961 1345 4012 Ma.

256 4027 350 4080 deinde
366 4032 524 4092 sacerdotes,
541 4045 586 4082 seu
604 4045 723 4096 augures,
738 4033 782 4097 qui
819 4035 969 4095 sopotsmie
980 4033 1081 4099 dusius,
1091 4050 1166 4099 qnesn
1177 4035 1271 4086 Strabo
1282 4036 1345 4086 seri·

256 4105 779 4173 exsigniaeeeiestibnsaugurinmdorent,
821 4110 859 4159 bit
882 4124 915 4158 ex
935 4109 1050 4173 Niphate
1068 4117 1155 4160 monte
1173 4108 1301 4159 Armenia
1317 4111 1344 4160 in

256 4185 283 4226 et
295 4179 412 4242 equibus
425 4183 450 4230 iu
467 4190 569 4233 eeteros
583 4184 696 4234 homines
713 4185 779 4234 itane
819 4197 889 4235 mare
896 4184 1009 4234 Rubrum
1019 4182 1241 4249 perBabytnninm
1249 4181 1345 4235 dedne·
