3067 4875
274 394 318 461 22
735 414 783 462 os
805 413 894 461 vrrs

277 556 337 633 nit,
349 556 378 618 is
393 562 445 619 est
461 553 580 631 Poeta,
602 572 698 637 quem
712 574 771 618 nos
785 574 871 620 nunc
896 555 1045 619 dicimus.
1088 552 1129 619 ld
1146 548 1235 638 quod
1249 574 1291 620 ea
1303 574 1356 622 ra·

276 658 366 721 tione
395 656 519 721 sactum
543 656 639 719 facile
668 655 874 732 crediderim,
899 661 936 718 ut
963 655 1120 738 nunejus
1143 657 1355 733 meminerint,

161 802 167 819 .
276 755 365 840 quod
380 776 455 820 cum
472 756 729 820 Mathematicus
751 765 786 819 et
800 758 992 839 peregrinus
1007 761 1112 835 esset,
1124 761 1156 820 et
1170 757 1354 840 inquinate,

275 856 306 921 si
335 876 403 921 uon
421 858 572 935 barbare,
599 858 791 939 plerumque
815 858 1008 939 loqueretur,
1031 859 1065 921 iu
1091 866 1240 941 apertum
1268 854 1356 940 opus

274 976 370 1021 suum
395 976 460 1021 nou
485 958 585 1033 dedit,
613 958 734 1021 veritus
759 977 825 1022 nou
848 959 931 1022 satis
953 978 990 1021 se
999 960 1180 1040 probatum
1202 958 1255 1036 iri,
1278 978 1355 1023 cum

273 1076 333 1121 nec
356 1058 521 1140 ejusmodi
535 1058 674 1122 materia
687 1058 771 1123 satis
785 1063 977 1124 ornamenta
990 1052 1115 1141 capiat,
1141 1064 1179 1123 nt
1201 1060 1276 1142 ipse
1298 1078 1354 1123 oe·

272 1158 364 1233 cluit,

359 1259 479 1323 Ornari
493 1278 543 1323 res
558 1260 634 1341 ipsa
649 1267 759 1340 negat,
776 1265 928 1323 conterno
940 1260 1060 1323 doceri.
1095 1258 1168 1322 Lib.
1185 1274 1241 1321 111.

273 1360 464 1443 Utcumque
489 1360 563 1444 ejus
587 1359 701 1423 electio
722 1360 813 1423 haud
840 1360 939 1425 nobis
965 1360 1059 1424 multi
1087 1358 1257 1438 lacienrla3
1287 1378 1353 1422 uon

271 1462 357 1525 enirn
377 1460 497 1539 Poeta,
515 1460 581 1523 nisi
595 1461 627 1522 in
643 1461 774 1541 paucis,
789 1462 908 1525 nedum
923 1463 976 1525 bis
988 1468 1096 1539 rates,
1118 1466 1157 1523 ut
1170 1459 1244 1544 ipse
1260 1459 1302 1522 de
1316 1460 1353 1522 s'e

185 1578 194 1595 ·
272 1563 401 1626 cecinit.

312 1664 455 1728 Secutus
472 1663 618 1727 Manlius
638 1664 757 1729 dicitur
779 1664 981 1729 Dorotheum
1004 1662 1177 1727 Sidonium
1201 1658 1353 1724 sideralis

269 1764 417 1829 scientiae
441 1764 592 1830 Poiitam.
638 1765 678 1829 ld
701 1765 793 1847 quod
817 1773 850 1830 et
868 1766 972 1829 nostri
988 1765 1168 1846 scriptores
1188 1766 1352 1838 asserunt,

269 1862 384 1929 Julius
414 1864 579 1929 Firmicus
612 1866 783 1929 Maternus
810 1866 869 1931 lib.
894 1883 934 1930 ιι.
962 1862 1094 1930 tametsi
1121 1863 1156 1925 in
1180 1860 1352 1944 aliquibus

269 1965 514 2048 exemplaribus
532 1962 701 2028 Dercetius
715 1986 889 2050 perperam
905 1966 1064 2047 scriptum
1078 1961 1270 2038 inveniatur,
1285 1981 1353 2025 me·

268 2064 417 2129 minitat
437 2065 617 2130 Poutanus.
660 2067 801 2148 Scripsit
822 2073 931 2131 autem
944 2066 1186 2148 apotelesmata
1201 2062 1352 2125 versibus

270 2163 511 2243 disertissimis,
535 2175 572 2229 ut
595 2168 643 2230 ait
662 2167 748 2230 idem
770 2167 947 2243 Firminus,
963 2185 1061 2249 quem
1076 2168 1164 2227 certe
1179 2161 1353 2225 Pontauus

268 2268 388 2331 nostris
413 2265 531 2330 diebos
556 2266 693 2351 videtur,
715 2270 745 2332 si
766 2288 832 2331 nou
853 2268 887 2331 iu
908 2268 985 2350 ipsa
1000 2270 1159 2329 astrorum
1175 2263 1304 2346 peritia,
1318 2263 1353 2325 in

270 2367 422 2430 carminis
436 2366 605 2450 majestate
620 2373 699 2449 post
712 2386 748 2431 so
763 2369 952 2453 reliquisse.

313 2467 458 2532 Vossius
473 2475 581 2531 autem
596 2469 652 2531 lib.
666 2469 707 2531 de
724 2468 820 2532 Poiit.
834 2469 945 2533 Latin.
964 2467 1097 2532 edition.
1118 2465 1282 2531 Amsteld.
1296 2485 1352 2532 au.

271 2583 470 2631 rencourt.
487 2570 534 2632 ita
554 2569 596 2632 de
612 2568 753 2633 Manilio
769 2571 928 2652 loquitur.

312 2667 509 2746 ‘Manilius,
533 2669 617 2749 sive,
633 2675 670 2734 ut
692 2671 726 2733 in
752 2671 854 2735 variis
878 2676 931 2735 est
952 2671 1056 2747 libris,
1080 2668 1240 2746 Manlius,
1254 2668 1370 2751 cujus‘

270 2768 528 2834 Astrooomicou
551 2771 723 2847 habemus,
750 2779 899 2837 extrema
924 2771 1070 2853 Augusti
1088 2776 1197 2835 atate
1225 2770 1353 2834 vixisse

269 2869 424 2932 creditur.
457 2871 547 2934 Sane
562 2871 708 2937 meminit
720 2871 878 2938 Varianae
893 2873 1010 2948 cladis,
1021 2891 1099 2955 quse
1114 2871 1352 2955 quinquienuio

272 2973 412 3052 contigit
441 2981 518 3035 ante
545 2992 722 3037 excessum
747 2974 903 3057 Augusti.
955 2972 1130 3055 Antiquior
1152 2973 1251 3054 igitur
1274 2991 1353 3036 esse

272 3069 426 3152 Augusto
441 3091 508 3136 non
524 3074 641 3155 possit.
684 3075 809 3140 Verum
825 3077 854 3139 ai
870 3074 993 3140 Ovidio
1012 3075 1109 3140 suerit
1123 3075 1276 3158 aequalis,
1291 3075 1353 3137 mi-

271 3190 341 3235 rum
366 3173 437 3257 ejus
462 3173 620 3238 Ovidium
644 3175 762 3242 ultima
788 3177 1003 3241 Ponticorum
1022 3176 1130 3256 elegia
1151 3194 1216 3239 non
1238 3175 1353 3240 memi-

269 3274 367 3337 nisse.
410 3274 481 3338 Etsi
496 3295 561 3339 uon
574 3277 715 3357 ignorem
737 3279 848 3360 ipsum
863 3278 985 3353 dicere,
1000 3275 1161 3359 quosdam
1177 3294 1198 3338 a
1212 3295 1250 3339 se
1265 3295 1352 3358 prm·

271 3375 371 3439 teriri.
415 3375 582 3442 Praeterea
606 3378 709 3442 dictio
731 3379 860 3444 videtur
881 3377 1021 3443 suadere
1035 3377 1149 3460 potius
1162 3375 1288 3439 vixisse
1301 3397 1353 3440 se-

270 3474 372 3538 nioris
394 3476 574 3564 Theodosii
596 3481 812 3562 temporibus.
855 3479 962 3543 Immo
984 3477 1167 3541 clarissimo
1188 3477 1260 3540 viro
1283 3477 1353 3542 Ge·

271 3576 378 3641 vartio
402 3577 624 3644 videturesse
647 3581 677 3644 is
700 3581 848 3646 Manlius
861 3579 1065 3654 lbeodorus,
1080 3597 1179 3661 quem
1196 3578 1239 3641 ab
1263 3577 1351 3642 side·

269 3677 330 3741 reli
355 3676 493 3742 scientia
515 3680 676 3762 praedicat
699 3679 905 3746 Claudianus
930 3683 965 3745 iu
989 3679 1194 3762 Panegyrico
1214 3678 1351 3744 adeum

269 3777 403 3861 scripto.
425 3777 513 3840 Vide
527 3799 601 3842 eum
614 3782 702 3845 uotis
715 3783 748 3846 in
764 3783 864 3847 Statii
877 3784 935 3847 lib.
950 3798 1007 3870 ιιι.
1022 3779 1115 3864 Sylr.
1130 3773 1231 3843 carm.
1244 3778 1277 3842 3.
1293 3779 1352 3843 nbi

268 3884 301 3941 et
315 3877 462 3960 pluribus
478 3897 515 3942 se
531 3884 729 3962 argumentis
743 3881 779 3946 id
793 3891 999 3948 ostensurum
1017 3881 1050 3944 in
1065 3879 1192 3943 Electis
1210 3879 1352 3962 pollice-

266 3985 330 4039 tur.
362 3977 399 4041 Si
415 3979 480 4042 aevi
497 3979 541 4043 sit
555 3977 743 4062 Augustaei,
755 4004 831 4048 eum
847 3984 912 4048 sibi
926 3981 1122 4048 imitandum
1135 3981 1353 4063 proposuerit

264 4073 374 4140 Julius
388 4079 565 4159 Firmicus,
579 4082 637 4163 qui
652 4086 716 4148 sub
731 4085 950 4149 Constantino
967 4083 1015 4146 M.
1032 4082 1130 4147 vixit.
1165 4080 1226 4144 Sin
1239 4079 1350 4145 Theo·

263 4176 402 4243 dosiaua
417 4181 535 4246 vixerit
550 4191 663 4266 aetate,
678 4183 838 4252 Manilius
854 4186 1033 4252 Firmicum
1047 4181 1194 4251 carmine
1208 4199 1351 4263 expres·
