3067 4875
270 342 292 403 4
720 354 912 403 emerem.

268 503 379 561 motus
393 494 586 571 deciroiuot,
599 496 672 559 vias
684 497 801 577 aperit,
813 495 963 578 disponit
977 495 1081 572 vices,
1092 495 1224 560 ordines
1237 493 1356 570 reddit,

268 598 426 661 terminos
438 598 543 679 pouit,
564 596 733 661 domicilia
757 598 916 679 assignat,
937 597 1082 680 percipit
1095 595 1255 680 pondera,
1270 597 1358 658 vires

269 698 403 781 detegit,
433 698 554 763 asserit
578 698 667 781 jura,
692 699 812 762 tutelas
841 699 970 774 astruit,
997 698 1189 762 affectiones
1217 695 1357 773 iudicat,

269 799 388 864 laudat
412 800 653 874 salubritatem,
678 798 884 863 sterilitatem
908 798 1055 876 damnat,
1082 802 1175 861 ortus
1199 796 1301 861 librat
1325 801 1359 860 et

271 918 425 977 occasus,
440 908 476 965 et
490 900 578 984 quod
594 918 758 964 summum
783 906 837 963 est
862 919 902 963 ac
925 901 1130 983 praecipuum
1149 900 1184 962 iu
1198 898 1263 962 hac
1279 906 1359 972 orte,

271 1000 451 1065 duodecim
481 1000 624 1065 Zodiaci
652 1002 820 1083 sig-norum
851 1000 1037 1085 praecordia
1067 1000 1157 1063 iutus
1177 1007 1361 1082 perscruta·

271 1108 336 1181 tur,

421 1187 452 1251 E
472 1187 594 1269 quibos
615 1193 648 1252 et
669 1187 756 1251 ratio
777 1145 921 1250 fatorum
943 1185 1076 1249 ducitur
1096 1185 1211 1249 omnis.

316 1300 404 1379 Qum
427 1321 480 1365 me
504 1321 558 1365 res
584 1302 619 1365 iu
644 1321 737 1385 spem
758 1301 969 1384 exploratam
984 1302 1166 1378 adducunt,
1181 1301 1361 1365 Saaums·

273 1416 365 1465 eruo
382 1402 597 1480 nouimus,
619 1403 691 1467 fore
706 1409 752 1479 ut,
775 1404 833 1484 qui
855 1409 984 1466 ceteros
1006 1404 1091 1466 bene
1115 1402 1279 1467 sentiendi
1302 1404 1363 1465 be·

272 1522 379 1586 neque
404 1503 540 1567 dicendi
564 1512 717 1568 auctores
742 1505 885 1585 benigno
908 1504 1031 1567 honore
1055 1503 1202 1585 dignaris
1217 1504 1363 1585 excipis·

274 1622 349 1686 que,
366 1602 553 1681 Manilium,
568 1606 627 1689 qui
642 1605 819 1669 multorum
839 1606 943 1669 instar
964 1623 1039 1667 esse
1055 1604 1174 1686 possit,
1187 1622 1364 1686 meumque

273 1704 309 1766 iu
334 1724 375 1768 eo
402 1706 612 1787 explanando
639 1706 783 1770 studium
811 1711 844 1769 et
865 1706 1140 1788 qualemcumque
1165 1705 1363 1769 industriam

274 1825 341 1870 nou
362 1804 559 1887 dedigneris.

342 2068 453 2119 Lutetia
472 2070 627 2120 Parisiorum
644 2072 704 2121 Kal.
721 2072 781 2124 Jau.

469 2162 645 2202 Emunx-
