3067 4875
545 378 585 428 rr.
611 377 705 427 niun
728 377 907 427 srosnun.
1228 365 1272 429 1⁶

172 518 291 593 rimus,
305 523 398 583 tuum
414 520 486 597 erit,
501 521 543 584 B.
561 520 599 584 n.
615 520 779 602 judicare.
826 520 928 599 Quod
945 521 1125 604 siquando
1146 540 1210 586 nos
1224 524 1268 588 ab

172 620 350 684 illustrium
382 623 416 685 in
445 631 515 685 arte
548 623 664 685 critice
690 624 833 686 viromm
864 625 1029 687 sententia
1057 623 1268 688 discedentes

173 742 308 786 enasse
327 723 509 799 videamur,
534 724 664 804 cogites
686 723 797 802 velim,
818 742 885 787 non
906 743 968 787 nos
988 725 1191 807 interpretes,
1206 726 1266 789 sed

172 820 358 888 Auctorem
373 844 450 888 esse
465 832 611 901 secutos,
627 829 659 887 et
673 826 840 888 lubentius
851 824 985 907 quidem
1001 843 1074 889 com
1089 826 1153 889 boc
1165 845 1265 908 quam

171 943 252 989 cum
267 925 335 989 illis
350 944 458 989 erroro
471 925 629 989 voluisse.
673 926 839 990 ‘Errabat
850 927 938 989 enim
950 927 983 989 in
998 926 1111 989 multis
1121 926 1266 1009 antiqui-

170 1032 247 1090 tas:
263 1046 366 1109 quam
380 1026 432 1089 vel
446 1046 509 1091 usu
519 1024 602 1108 jam,
613 1026 667 1091 vel
680 1026 845 1103 doctrina,
858 1026 913 1089 vel
928 1034 1097 1091 vetustate
1110 1027 1263 1091 immuta·

170 1130 240 1189 tem
255 1127 432 1190 videmus!
476 1128 565 1191 Haec
582 1128 624 1191 de
648 1147 711 1191 suo
731 1147 808 1193 aevo
828 1127 962 1192 divinus
983 1126 1263 1193 Tolumnium

170 1226 214 1291 de
229 1228 384 1292 Divinat.
399 1235 482 1294 sect.
496 1230 550 1293 33.

213 1328 342 1411 Neque
367 1348 446 1394 vero
468 1330 565 1393 nobis
594 1330 628 1395 id
655 1330 768 1395 datum
788 1349 862 1393 esse
880 1331 1084 1413 putavimus,
1103 1336 1140 1395 ut
1156 1332 1263 1414 ipsius

169 1428 333 1494 Auctoris
349 1431 462 1506 verbo,
484 1432 684 1512 optimorum
705 1430 869 1495 Codicum
883 1432 1046 1495 constanti
1061 1430 1127 1494 tide
1140 1432 1263 1513 probu-

168 1538 216 1604 ta,
243 1531 402 1614 specioso
423 1532 635 1595 correctionis
661 1532 712 1595 vel
739 1531 978 1595 emendationis
1000 1531 1098 1595 titulo
1122 1538 1261 1609 mutata,

169 1632 370 1713 interpolate
390 1637 423 1694 et
447 1632 528 1694 ultro
549 1632 699 1714 citroque
719 1632 926 1714 transposita
944 1632 1132 1713 interpretis
1152 1633 1263 1697 sensui

170 1732 224 1795 vel
250 1733 367 1814 potius
389 1731 619 1814 praejudicotae
643 1733 793 1815 opinioni
812 1752 849 1796 se
866 1732 1116 1796 accommodare
1129 1751 1262 1814 eogere·

169 1849 258 1893 mus.
302 1830 404 1910 Quod
427 1833 560 1914 quidem
583 1852 649 1895 non
672 1835 798 1917 absque
816 1832 1050 1915 indignationis
1068 1852 1169 1897 sensu
1183 1852 1262 1917 cog·

169 1934 253 1995 novi
268 1932 393 1996 sactum
419 1934 461 1995 ab
485 1933 579 2013 aliis3
603 1934 660 2016 qui
684 1938 891 2017 praepostero
914 1932 1068 2011 consilio,
1094 1935 1262 2019 nostrique

169 2030 330 2097 Auctoris
345 2035 446 2098 rebus
467 2034 703 2111 infensissimo,
719 2035 894 2099 verissima
910 2036 1016 2116 ipsius
1030 2036 1143 2112 verba,
1157 2043 1192 2102 et
1206 2038 1260 2101 rel

169 2134 357 2199 sanissimis
374 2135 519 2211 saniore,
539 2144 696 2219 tanquam
714 2156 814 2217 oegra,
830 2136 1082 2212 hiulcn,misere
1095 2144 1260 2220 corrupta,

168 2236 323 2312 barbara,
347 2255 447 2299 sensu
467 2254 566 2299 cassa
584 2235 813 2318 repudiarunt,
829 2236 1008 2319 ejecerunt,
1023 2237 1078 2301 vel
1093 2256 1155 2302 sua
1169 2239 1260 2321 prius

169 2336 418 2411 substituerunt,
434 2336 546 2401 ulteris
561 2338 702 2401 subinde
721 2338 824 2401 multo
848 2338 975 2419 pejora,
1000 2357 1099 2421 qnam
1116 2338 1159 2399 de
1175 2356 1259 2401 sano

166 2438 287 2520 priscae
303 2444 336 2501 et
351 2439 498 2518 genuinae
513 2438 647 2502 lectioni
664 2459 764 2502 seusu
780 2437 952 2501 reddendo
967 2437 1159 2519 cogitarent.
1189 2437 1258 2502 Ite-

167 2556 232 2618 qoe
248 2537 297 2602 illi
312 2537 506 2619 chirurgiam
528 2539 562 2601 in
580 2539 707 2602 Nostro
722 2547 919 2603 exercentes
939 2558 1006 2602 non
1027 2540 1174 2621 tetigisse
1188 2558 1258 2603 rua-

167 2639 219 2718 gis
234 2657 336 2722 quam
348 2639 502 2721 injecisse
519 2639 671 2704 videntur
686 2639 809 2715 ulcera,
825 2658 890 2703 non
905 2658 1004 2703 monn
1020 2640 1080 2703 sed
1092 2641 1258 2722 unguibus

165 2740 325 2817 sananda,
349 2759 434 2821 qnos
449 2741 560 2803 nescio
573 2739 737 2824 quomodo
752 2741 785 2802 in
800 2741 884 2822 ipsis
898 2759 990 2823 saepe
1002 2740 1171 2804 ulceribus
1181 2740 1258 2803 reli·

166 2847 330 2922 querunt3
346 2840 410 2902 nisi
431 2859 472 2904 eo
487 2840 570 2904 forte
585 2841 740 2917 consilio,
759 2846 797 2905 ut
811 2841 992 2924 dignoscas
1007 2860 1051 2904 ex
1064 2860 1173 2922 unguo
1186 2841 1257 2904 leo·

166 2961 253 3005 nem.

208 3041 320 3119 Quam
335 3041 379 3104 ob
402 3061 469 3104 rem
492 3062 570 3106 cum
592 3043 731 3125 scepius,
760 3061 822 3124 pro
848 3064 891 3106 eo
913 3062 955 3108 ac
977 3043 1088 3119 debui,
1103 3043 1256 3107 misertus

165 3143 229 3205 sim
256 3142 375 3225 optimi
398 3141 568 3220 Auctoris,
594 3145 652 3207 ubi
678 3145 914 3208 acerbissimas
937 3145 978 3208 de
1001 3151 1160 3226 corrupta
1181 3144 1255 3227 ejus

163 3241 311 3308 lectione
327 3243 488 3324 querelas,
504 3244 716 3327 interpretum
731 3251 921 3308 commenta
934 3242 1086 3327 legendo,
1100 3245 1254 3327 percepi;

164 3349 232 3407 turn
248 3363 327 3407 vero
342 3345 385 3407 nd
401 3346 546 3409 lucidam
562 3346 744 3429 priscorum
765 3346 923 3408 librorum
938 3346 1114 3410 veritatem
1128 3345 1254 3408 intente

163 3445 357 3526 respiciens,
373 3448 523 3528 equidem
537 3447 635 3510 sacile
650 3445 810 3531 intellexi,
827 3446 931 3509 falsas
951 3463 1026 3510 esse
1039 3446 1254 3529 plurimorum

164 3545 420 3622 criminationes,
435 3555 469 3610 et
485 3547 536 3610 rel
552 3546 627 3609 ideo
639 3565 660 3609 e
671 3545 870 3610 criticorum
882 3547 1090 3629 principibus
1098 3544 1253 3621 intentus,

162 3651 201 3708 nt
217 3664 291 3708 suae
306 3647 481 3710 temeritati
496 3665 634 3711 causum
650 3652 874 3728 praetexentes
889 3647 931 3709 ad
946 3646 1132 3710 liberiorem
1143 3654 1177 3709 et
1187 3664 1252 3709 noo

162 3763 238 3810 roro
260 3747 469 3811 licentiosam
495 3747 691 3810 emendandi
717 3747 768 3808 vel
791 3746 984 3811 immutandi
1006 3748 1166 3810 rationem
1186 3746 1252 3809 sibi

163 3847 250 3910 riam
272 3846 518 3928 praemunirent.
563 3844 734 3923 Quocirca
757 3865 801 3910 ue
824 3846 891 3910 illis
912 3847 1086 3911 inhonesto
1107 3845 1252 3928 quodem

162 3945 326 4030 obsequio
348 3964 469 4010 morem
490 3965 684 4028 gereremus,
699 3965 785 4010 nere
803 3946 930 4010 illorum
953 3947 1177 4029 placitaque
1191 3966 1252 4028 pro

163 4045 326 4129 delphicis
354 4047 501 4112 oraculis
528 4046 689 4129 stupenda
712 4047 853 4110 subinde
882 4046 1086 4112 confidentia
1106 4045 1250 4128 jactant,

163 4165 251 4212 coeoo
274 4148 419 4230 quodam
442 4167 584 4212 assensu
606 4167 891 4232 prosequeremur,
912 4148 1038 4212 monitu
1062 4167 1125 4212 sno
1141 4147 1252 4212 effecit
