3067 4875
256 352 297 416 16
703 372 896 421 nnsnurro

256 510 307 575 Cl.
321 510 471 587 Bestius,
492 512 590 596 cujus
612 513 768 594 quasdam
786 516 887 580 verba
902 516 1129 581 obsecundata
1143 517 1340 599 dignissima

254 613 404 677 recitavit
418 613 556 677 doctiss.
577 612 776 679 D’Orvillius
791 616 833 679 ad
846 615 1057 681 Charitonem
1070 638 1148 700 pag·
1172 620 1247 683 591.
1264 619 1339 702 qui-

257 712 321 776 bus
336 714 466 777 omniuo
484 714 665 797 jungenda,
687 734 765 797 quoe
787 734 849 778 nos
868 716 1015 798 ejusdem
1030 720 1134 783 Bestii
1149 722 1259 784 verbis
1271 720 1342 785 dis·

256 815 418 877 sernimus
433 815 467 877 in
482 806 591 880 adnot
607 815 649 879 ad
660 816 852 882 Astronom.
868 818 943 882 Lib·
959 834 994 879 v.
1008 818 1083 883 520.
1097 826 1131 884 et
1149 840 1191 884 ea
1204 840 1281 903 quae
1296 823 1340 886 ab

256 914 335 996 ipso
356 913 540 979 D'Orvillio
562 936 609 980 ex
633 918 733 981 animi
758 920 919 983 sententia
941 924 1016 982 snnt
1035 919 1169 1002 prodita
1182 922 1205 986 l.
1220 942 1250 985 c.
1264 942 1342 1004 pag.

256 1015 331 1079 778.
376 1015 479 1080 Hunc
494 1018 635 1081 animum
649 1018 785 1083 mirifice
799 1020 1010 1085 confirmavit
1024 1021 1175 1086 Marcell.
1191 1023 1343 1105 Palinge-

256 1116 344 1193 nius,
358 1116 453 1199 cujus
468 1136 582 1181 verum
598 1121 691 1183 aiunt
707 1138 782 1183 esso
796 1139 914 1183 nomen
933 1120 1081 1201 Angelus
1098 1121 1268 1200 Mauaolli,
1284 1126 1343 1206 qui

258 1236 359 1298 quarn
374 1238 450 1283 vere
465 1226 532 1283 tom
548 1219 688 1299 ingenue
704 1240 800 1284 suom
815 1240 890 1303 quaa
904 1223 939 1284 in
952 1221 1027 1285 illos
1039 1222 1163 1286 critieae
1178 1225 1225 1287 rei
1239 1224 1344 1288 dicta·

257 1322 344 1380 tores
359 1319 532 1399 aptissime
545 1318 686 1400 quadrat
698 1321 892 1384 sententiam
908 1320 961 1384 his
975 1322 1130 1404 concepit
1145 1325 1296 1389 versibus
1309 1325 1343 1387 in

260 1416 411 1482 zodiaco
426 1420 516 1495 vitea,
533 1419 597 1482 snb
616 1419 787 1501 Aquario:

345 1564 375 1629 Ο
391 1574 474 1650 quot
487 1568 706 1651 morosophos
718 1568 816 1632 tellus
830 1569 918 1652 parit
932 1577 966 1633 et
978 1570 1196 1653 philodoxos!

344 1666 456 1745 Quare
472 1676 661 1734 contutum
677 1677 728 1735 est
742 1669 843 1735 facile
859 1672 971 1736 omnia
984 1671 1117 1736 credere
1132 1674 1274 1736 cunctis.

344 1768 406 1833 llle
421 1772 500 1835 licet
515 1772 623 1852 magni
637 1772 682 1835 sit
695 1772 849 1849 nominis,
865 1772 1121 1857 innumerasque

346 1871 527 1936 Scribendo
541 1871 694 1954 implevit
709 1872 802 1953 nigra
815 1873 952 1955 loligine
967 1874 1119 1953 chartas3

345 1972 463 2053 Magni
477 1991 569 2054 saepe
584 1972 643 2036 viri
658 1972 832 2036 mendacia
846 1993 965 2055 magua
978 1974 1167 2057 loquuntur,

344 2074 388 2136 Et
401 2092 499 2137 nemo
514 2080 566 2136 est
581 2072 666 2137 adeo
683 2073 838 2156 prudens,
855 2076 935 2156 quin
951 2077 1074 2157 saepius
1090 2083 1183 2140 erret.

344 2174 407 2239 Est
421 2174 518 2255 igitur
529 2176 616 2237 ratio
632 2173 665 2237 in
680 2173 795 2257 primis
809 2176 1009 2257 quoerendae,
1025 2176 1175 2258 fidesque

345 2260 460 2360 Major
474 2276 508 2338 in
524 2275 688 2357 ambiguis
701 2275 821 2339 rationi
835 2281 888 2339 est
903 2295 1033 2359 semper
1046 2275 1209 2354 habende,

345 2375 456 2455 Quam
466 2376 568 2440 dictis
581 2375 766 2441 hominum:
783 2395 858 2440 nam
866 2376 939 2440 haec
949 2377 1122 2442 suntsalsa
1132 2376 1332 2461 frequenter.

261 2527 340 2592 Hac
364 2533 483 2603 mente,
498 2526 563 2590 hoc
587 2527 728 2591 consilio
754 2527 908 2610 equidem
933 2528 1035 2591 multe
1058 2547 1078 2591 e
1103 2527 1348 2591 commentariis

261 2629 519 2694 clarissimorum
529 2627 685 2692 Virorum
696 2628 869 2710 Scaligeri,
884 2628 1027 2704 Pelusii,
1042 2628 1211 2706 Salmasii,
1222 2627 1350 2703 Hoetii,

262 2730 360 2812 Feyi,
375 2727 516 2792 Bentleii
534 2733 648 2792 nostra
665 2729 700 2792 in
719 2729 843 2793 serinia
854 2728 1040 2805 retulimus,
1055 2747 1132 2810 quoe
1146 2737 1181 2792 et
1196 2728 1349 2792 ordinen-

261 2832 315 2896 dae
328 2831 501 2894 verborum
524 2835 794 2912 structuramque
812 2829 936 2912 saepius
952 2830 995 2893 eb
1017 2829 1093 2891 aliis
1112 2837 1301 2910 peccatum,
1315 2836 1351 2892 et

261 2931 429 2995 sententiar
446 2929 641 2995 Manilianas
655 2931 842 3009 convenire,
860 2949 944 2995 sans
958 2937 1117 3012 rectaque
1130 2930 1258 2993 ratione
1272 2949 1350 3010 cog·

260 3033 426 3095 novimus.
471 3029 544 3093 Nec
565 3031 630 3093 nisi
652 3031 768 3094 eadem
783 3032 987 3114 praelucente
999 3030 1180 3110 selegimus
1192 3031 1351 3093 observa·

261 3135 379 3208 donee,
409 3129 590 3206 stricturas,
618 3130 923 3195 animadversiones
951 3149 1077 3206 eorum,
1103 3130 1161 3211 qui
1186 3129 1239 3192 vel
1269 3130 1351 3194 datu

262 3232 405 3297 Manilio
422 3249 533 3312 opera,
549 3231 602 3293 vel
615 3231 790 3294 occasione
813 3230 943 3294 aliunde
961 3230 1086 3306 oblate,
1100 3230 1180 3294 loca
1194 3231 1349 3311 quiedam

263 3332 440 3398 emendare
468 3337 501 3395 et
531 3331 693 3395 illustrare
722 3331 835 3395 conati
862 3337 946 3394 sunt.
992 3318 1181 3404 Ascivimus
1205 3330 1291 3392 enim
1316 3333 1351 3393 in

262 3452 374 3516 operoe
398 3433 587 3496 societatem
601 3429 705 3494 Viros
727 3431 807 3496 artis
830 3434 952 3496 critice
972 3431 1255 3515 consultissimus,
1269 3430 1351 3504 Can

262 3535 387 3608 tiones,
409 3532 575 3608 Berthios,
591 3531 774 3608 Tumebos‚
790 3516 992 3608 Gronovius,
1009 3531 1176 3614 juxtaque
1197 3531 1257 3594 hos
1281 3529 1352 3594 He·

262 3635 392 3715 ringam
407 3651 549 3715 quoqne,
564 3631 798 3697 amicissimum
814 3653 930 3696 nomen
945 3633 1055 3707 nobis,
1069 3630 1253 3708 Rhoerium,
1263 3639 1353 3696 cete·

264 3755 387 3818 rosque
401 3732 547 3796 enrditos
561 3733 709 3796 Batavos
725 3737 759 3796 et
772 3734 964 3811 Britannos,
980 3731 1241 3796 observatorum
1256 3733 1355 3797 fami·

262 3838 352 3914 liam,
382 3853 450 3898 non
479 3833 577 3898 nimis
601 3833 701 3896 hodie
725 3833 930 3909 foecundam,
951 3833 1123 3896 ducentes.
1167 3832 1353 3897 Adeundos

264 3957 396 4020 quoque
423 3934 609 4018 putavimus
638 3935 822 4016 principum
859 3933 965 3996 Latiae
1001 3933 1137 4014 Iinguae
1167 3931 1354 3999 Auctorum

266 4037 550 4101 Commentatores
571 4042 605 4100 et
626 4034 837 4117 interpretes.
880 4032 1012 4096 Horum
1036 4052 1134 4114 seque
1157 4051 1197 4097 ac
1219 4034 1354 4112 illorum

265 4138 407 4220 copiam,
420 4143 531 4202 nostra
544 4136 681 4221 quidem
697 4134 927 4219 suppellectile
942 4133 1127 4214 deficiente,
1141 4135 1287 4200 iecerunt
1304 4136 1354 4199 in·
