3067 4875
475 399 773 450 ssrnonouroou
799 402 873 450 ure.
896 403 938 449 11.
1188 386 1253 451 873

152 539 246 604 Huic
266 538 301 604 in
316 558 511 624 perversum
527 542 645 607 similis
662 542 796 626 dejectu
810 545 875 608 sub
889 544 980 620 orbe,

155 639 296 724 Imaque
312 643 487 706 summersi
504 644 698 726 contingens
713 645 860 709 culmine
874 644 999 722 mundi,

151 739 305 807 Adversa
320 763 398 828 quse
413 755 510 828 perte
526 745 622 827 nitet,
641 747 776 813 defesse
791 753 927 832 peracte

150 924 212 972 tiosi
227 939 272 987 por
289 930 324 974 est
342 941 379 984 en,
394 941 447 988 pse
462 929 571 990 depresso
588 928 631 976 rui
646 928 717 990 giobo
730 934 849 976 terrereris
859 928 1055 976 intremuerunt
1066 930 1146 990 tergit
1158 929 1251 996 infime

150 989 249 1038 uertices
260 989 313 1037 cerii
322 991 431 1053 timori,
442 997 466 1039 et
477 991 538 1040 tecet
548 1007 580 1040 eu·
588 995 695 1055 oppositu
709 993 770 1040 Coeit’
786 997 866 1056 purte,
883 996 908 1042 et
924 1007 977 1055 ινα
992 992 1060 1056 pueri
1069 993 1203 1056 defetigato
1213 997 1249 1044 ιη’·

610 1134 792 1154 uenum„

147 1230 243 1279 credere
253 1229 351 1280 dicturn
363 1232 414 1280 erit
426 1245 472 1294 pro
483 1231 568 1293 eredit,
580 1232 635 1282 seii.
647 1231 768 1294 Jupiter:
788 1231 857 1296 qood
867 1230 988 1294 ioqnendi
1000 1245 1081 1295 genus
1091 1234 1181 1283 Tseito
1193 1233 1250 1285 fers

150 1295 294 1358 propriurn,
311 1296 599 1346 eerteusitstissinsum.
632 1296 746 1346 Preestst
766 1309 827 1346 sero
847 1297 967 1359 occipere
987 1295 1029 1344 noc
1048 1297 1148 1360 Ιιιῠίιιιι,
1167 1297 1251 1348 forme

149 1359 350 1422 frequentative,
360 1361 405 1407 τοῦ
415 1361 496 1426 Miro,
509 1362 581 1424 cujus
593 1360 804 1422 significationem
816 1363 841 1409 ir.
852 1361 868 1410 Ι.
879 1367 974 1411 servet.
998 1360 1067 1408 Vide
1080 1361 1166 1411 Nonn·
1177 1363 1249 1412 Mer-

149 1425 209 1472 ceii.
222 1431 249 1472 et
261 1425 363 1473 Perott.
376 1425 401 1472 iu
415 1439 486 1474 uoce.
519 1424 614 1488 iisqne
626 1426 732 1488 Noster,
753 1426 897 1474 undecimus
909 1424 1030 1473 stationis
1042 1425 1156 1476 hobitum
1169 1441 1250 1490 espo-

149 1488 256 1550 siturus,
268 1489 304 1537 sit
317 1505 323 1534 ι
337 1488 442 1550 «iupiter,
455 1491 475 1537 si
488 1490 591 1552 quondo
601 1490 627 1539 in
638 1491 686 1538 iree
697 1490 811 1539 statione
821 1489 977 1539 constitutus
989 1490 1128 1552 geniture,
1140 1505 1250 1554 prseter-

149 1553 196 1600 tins
207 1553 315 1608 diurne.
327 1560 434 1615 prseest,
445 1554 488 1602 noc
498 1553 575 1608 iubet,
591 1555 648 1602 scii.
658 1556 684 1603 is
694 1567 757 1603 urere
772 1554 891 1617 positum
910 1553 1039 1614 nimirum,
1058 1556 1154 1604 credere
1165 1555 1249 1615 sorte·

144 1617 394 1730 uisitauit
407 1617 1248 1732 :tiittii‘iti‘utitititiit:'2'ui⁸⁰·055i{u¹t‘;‘¹iii²

151 1743 271 1806 erodere,
282 1742 342 1792 fidei
353 1745 522 1795 committere.
540 1697 675 1805 sfrtunonr.
695 1747 711 1794 Ι.
730 1759 754 1795 e.
772 1697 935 1806 ie'iieitstern,
951 1758 1023 1806 opes.
1047 1747 1117 1806 genti
1127 1747 1182 1795 irur'c
1194 1761 1250 1810 pro.

148 1806 254 1857 familie
266 1815 344 1859 certe
354 1809 440 1859 siicui.
466 1817 537 1872 utque
547 1811 739 1874 imperitantes
758 1809 843 1860 fasces
861 1809 1019 1864 consuleres,
1039 1811 1250 1871 proconsularem

149 1877 315 1936 potestatem,
332 1873 407 1922 sirniii
418 1874 474 1923 seii.
486 1874 592 1924 fortuna
601 1876 692 1936 dejectu
703 1875 795 1938 ineque
806 1875 861 1924 seii.
873 1875 941 1934 ines,
952 1873 969 1922 i.
980 1887 1003 1922 e.
1015 1871 1131 1930 remitte,
1148 1873 1250 1939 (tinem-

149 1937 287 1986 admodum
300 1937 396 1986 dieitur
407 1939 462 2001 quis
481 1940 586 2002 moesto,
607 1941 648 1988 rei
666 1939 739 1988 sediti
758 1943 807 1988 iseo
824 1937 913 2001 ustus)
928 1937 1036 1987 sudoris
1051 1939 1108 1988 soii.
1126 1937 1248 1996 fortune,

147 2015 225 2065 qrssur
235 2005 243 2031 ‘
252 2001 332 2052 dubio
341 2009 450 2051 stentem
459 2002 537 2053 orire'
547 2002 581 2052 fin
602 2003 922 2053 'tOridius'iiisani-t.
930 2001 1086 2051 eruiturus.
1095 2003 1169 2065 Eleu.
1179 2008 1248 2053 urs.

148 2067 197 2114 uit.
209 2065 248 2132 (v.
259 2065 315 2130 79.)
330 2066 474 2116 ‘Versetur
485 2068 566 2116 celeri
587 2083 629 2117 ors
641 2068 706 2117 levis
716 2069 780 2117 orbe
791 2064 861 2117 etro!
884 2067 928 2117 Sic
939 2066 1035 2116 hubent
1047 2067 1176 2116 editorum
1187 2084 1248 2118 non·

148 2131 223 2178 nulii.
258 2131 322 2182 Quis
333 2139 419 2180 entem
431 2131 581 2194 crediderit,
592 2133 810 2197 elegantissimum
823 2131 933 2181 Poie'tern
948 2131 998 2180 iroe
1015 2132 1072 2191 cito,
1084 2133 1138 2179 sire
1150 2133 1183 2180 sit
1195 2133 1250 2182 ΑΙ)-

146 2195 242 2243 istisus
255 2209 329 2245 ossus
342 2195 395 2245 sire
405 2194 572 2258 Aduerbinrn,
584 2197 642 2252 inuio
661 2197 740 2258 ceteri,
757 2197 825 2260 quod
844 2197 913 2245 idem
925 2203 1010 2255 sonet,
1021 2195 1249 2258 superaddidisse?

148 2259 299 2320 Legendnrn
310 2261 412 2309 omnino
423 2275 480 2310 eum
490 2261 561 2311 iibris
572 2263 767 2321 uetustioribus,
776 2261 831 2310 orie
847 2267 915 2323 roto,
931 2274 1007 2323 quern
1019 2259 1116 2309 diserte
1127 2260 1248 2324 sdjungit

145 2323 313 2382 oririsortusoe
324 2324 419 2374 Cicero
430 2328 455 2374 in
468 2326 555 2375 Pison.
567 2340 623 2389 esp.
637 2331 676 2375 1⁰.
692 2327 838 2386 contingent,
853 2324 869 2373 i.
881 2340 904 2373 e.
921 2323 1043 2384 eredens,
1060 2325 1180 2372 evenient
1197 2323 1248 2372 fui·

145 2389 226 2445 ruins,
236 2402 267 2439 eo
279 2402 365 2450 sensu,
375 2403 425 2455 quo
438 2391 532 2455 gemini
545 2391 673 2454 Scipiadae
686 2390 795 2439 audiunt
805 2387 928 2438 ‘fulmins
940 2385 1020 2448 belti,’
1034 2387 1132 2437 AEneid.
1145 2391 1250 2441 rn842.

146 2452 263 2503 submi
273 2455 423 2509 arundineo
435 2462 485 2511 est.
503 2456 566 2504 orbis
582 2455 705 2515 muniis,
725 2455 768 2521 qui
789 2456 887 2517 puriter
905 2454 1002 2503 Nostro
1012 2452 1143 2501 ιιιὸιιιιιιιιι
1153 2454 1248 2503 dieitur

147 2531 180 2566 ιι.
190 2522 247 2569 stt.
280 2520 375 2569 sentus
389 2520 473 2583 iteque
484 2521 572 2569 iturum
584 2520 737 2569 verborum:
755 2519 823 2571 Jove
835 2518 992 2579 fortunente,
1010 2518 1053 2581 qui
1069 2516 1101 2564 sd
1117 2517 1184 2567 hene
1195 2524 1249 2567 ste·

148 2583 246 2632 tionem
264 2598 335 2633 suern
348 2582 462 2633 referunt
473 2584 629 2647 genitorem,
643 2583 744 2632 etiarnsi
757 2585 815 2632 ineo
834 2582 949 2645 abjecto,
968 2581 1074 2644 ignobili
1085 2580 1247 2645 obeeurnque

145 2649 211 2702 neti,
226 2648 394 2710 potentissimi
403 2648 466 2698 tient
479 2650 518 2697 rel
530 2650 754 2699 remotissimorum
762 2648 879 2710 gentium
891 2657 1015 2695 rectores.
1034 2646 1108 2694 iisne
1120 2661 1180 2695 vero
1189 2663 1249 2696 uos·

146 2719 225 2771 trenr,
234 2726 340 2776 eamque
353 2726 402 2762 non
413 2726 505 2761 nouem
518 2716 607 2777 megin.
619 2728 649 2761 sc
660 2727 721 2761 sero
731 2712 883 2761 simiiiisnsnr
893 2710 1133 2774 interpretationem
1143 2713 1248 2775 egregie

143 2775 1250 2905 futtiiiiiziu'eui::iiiiiiii?”13:322tt‘itui‘sstiztit'0'usr

292 2876 300 2903 ἲ
411 2876 418 2903 i
722 2874 729 2900 i
1150 2872 1157 2886 '

146 2907 227 2954 etium
238 2906 393 2955 cierissirnss
406 2913 561 2969 potetates,
578 2906 713 2969 sennenque
725 2920 755 2954 sc
768 2905 949 2969 proconsulare
960 2904 1081 2953 decernit
1093 2900 1249 2966 imperium!

146 2970 198 3019 iiis
209 2970 246 3017 ite
257 2970 415 3031 constitutis,
426 2971 497 3019 nulio
508 2980 578 3020 certe
598 2969 699 3019 ednritti
715 2970 777 3031 jure
797 2978 902 3034 possunt
921 2968 1004 3018 Codd.
1024 2967 1107 3016 Puris.
1126 2974 1153 3017 et
1173 2968 1246 3031 Lips.

147 3048 213 3097 quos
227 3044 311 3083 temen
329 3048 379 3085 uon
399 3035 464 3083 sidit
482 3034 608 3097 desuper,
624 3034 666 3097 qui
685 3033 760 3082 dedit
772 3047 810 3081 vs.
829 3036 886 3082 891.
901 3033 967 3081 Huic
983 3032 1010 3078 ιἰι
1024 3046 1168 3094 pererrem,
1188 3048 1245 3097 que

147 3098 260 3162 quidem,
271 3098 335 3147 mire
348 3113 407 3147 usus
418 3098 585 3161 indulgentis,
597 3098 747 3161 recipiendo
759 3098 880 3159 probarit
896 3094 1040 3145 Beutieins.
1075 3096 1167 3159 Neque
1178 3098 1247 3149 enirn

143 3176 279 3225 perderem
290 3164 439 3225 equipoiiet
451 3163 510 3212 hnic
520 3165 649 3217 admunt,
667 3176 718 3225 qno
738 3169 797 3225 post
816 3161 862 3209 hos
874 3160 976 3209 dernnrn
988 3159 1053 3207 duos
1064 3174 1152 3209 versor
1163 3164 1246 3213 utitur

145 3226 257 3286 Auctor,
268 3226 300 3274 eri
313 3226 495 3290 designandum
507 3228 625 3276 stationis
642 3227 739 3291 quinte
759 3228 895 3281 rstionem,
909 3226 952 3274 cui
969 3225 1071 3289 quidem
1083 3228 1245 3287 errponendu,¹

146 3290 239 3340 iisdem
251 3290 352 3341 aceedit
365 3292 459 3349 uerbis,
472 3292 563 3354 quibus
576 3306 613 3339 us.
625 3295 682 3341 919.
696 3292 800 3339 tertiani
811 3290 912 3338 domurn
923 3288 1118 3338 describendum
1130 3290 1248 3340 orditur!

145 3354 310 3405 Stude-m
327 3356 395 3405 sent.
406 3357 521 3415 suintino.
555 3359 563 3386 ⁴
582 3356 692 3405 Codices
711 3355 815 3419 quidem
827 3354 950 3415 suluisse,-
968 3354 1035 3417 qnod
1055 3354 1246 3417 interpretetur

144 3417 370 3483 Sesifuirnente3
390 3428 417 3469 ut
429 3422 549 3482 momine,
562 3428 698 3470 nroureuts.
731 3419 804 3468 Nihil
820 3420 957 3481 quicquam
978 3419 1064 3481 potuit
1085 3420 1124 3467 rei
1144 3420 1245 3469 doctius

145 3484 188 3532 sei
208 3482 351 3533 obsurdius.
386 3484 491 3547 Repone
508 3486 621 3547 cuimine,
640 3491 668 3534 ut
688 3484 790 3547 etipse
810 3483 938 3545 inpriore
958 3482 1074 3531 editione
1085 3484 1243 3544 conjecerst.

143 3548 299 3597 Submersus
318 3562 417 3662 quoqlue
436 3548 545 3598 mundus
564 3563 637 3597 suum
649 3548 727 3599 irnbet
737 3550 848 3605 eulmen,
864 3560 939 3611 esque
950 3561 982 3596 se
994 3555 1097 3595 noster:
1115 3548 1175 3610 quin
1186 3555 1244 3596 ‘su-

145 3626 245 3677 praque
263 3612 365 3662 ridetur
397 3628 441 3676 pse
459 3610 526 3662 sibi!
559 3613 601 3662 Itu
618 3628 698 3677 snprs
710 3626 740 3661 ιι.
751 3616 808 3662 896.
826 3611 896 3661 ‘Per
907 3614 988 3660 isters
1000 3618 1078 3673 etque
1088 3613 1166 3659 iurum
1180 3620 1244 3661 tesn-

146 3678 218 3739 piuns
241 3690 416 3741 summumque
435 3676 577 3727 cacumen·
601 3676 757 3728 Rern—89³
778 3678 851 3725 Rom.
872 3682 900 3725 et
923 3677 990 3737 vulg.
1011 3677 1165 3737 Adrersepue
1183 3677 1245 3725 uitet

140 3746 222 3803 purte.
255 3742 471 3792 ‘Emendsrirnus
488 3742 547 3792 olins
563 3743 672 3792 Aduerso
690 3758 742 3805 pua
756 3746 827 3804 purte
846 3740 915 3789 nitet.
949 3740 1133 3802 AdstipnIntur
1150 3740 1244 3789 Gernb.

144 3806 199 3854 Hic
219 3807 363 3871 peremnia
382 3817 487 3857 strenue
504 3817 614 3870 nugetur
625 3805 840 3857 Bouincontrius.
857 3803 923 3854 Seni.
954 3806 962 3831 ‘
978 3804 1052 3852 iisne
1068 3818 1083 3851 n
1101 3804 1244 3867 Sesiigero,
1273 3812 1276 3815 ’

641 3928 749 3979 Nom

177 4028 225 4074 891
246 4024 312 4073 Huic
330 4026 571 4089 inpertersum‚dse.]
590 4024 673 4075 Hirti.
748 4028 797 4072 899
820 4018 942 4083 cuntur]
969 4019 1045 4068 Licet
1067 4018 1244 4069 enimenim

141 4116 196 4150 vsu.
211 4108 285 4149 notet
295 4102 473 4165 sitnnrquiutre
483 4102 673 4165 notionisque
716 4100 819 4163 proprie
839 4096 942 4145 dicetur
962 4094 995 4143 de
1019 4108 1104 4143 rerurn
1126 4095 1243 4154 vertire;

142 4176 291 4227 undecime
316 4184 357 4226 est
388 4177 517 4240 opposite,
547 4190 674 4240 qtrenrque
716 4177 795 4224 imum
812 4170 1245 4236 temencoeiiesiuresdicipotest,

141 4252 234 4303 Greci
251 4258 344 4303 recent
355 4249 484 4316 smmum,
496 4253 513 4301 i.
525 4265 550 4301 e.
564 4251 674 4301 Gesisrn
714 4248 911 4301 irebiterstione
923 4248 981 4297 eoeii
994 4246 1098 4297 inversi.
