3067 4875
261 338 306 403 34
349 352 490 403 subscr
496 352 515 403 A
542 354 590 401 Dll
614 352 780 403 mumulo
802 354 956 403 lllchlA
979 354 1027 403 Ao
1050 352 1296 404 nnsrrrloulm

650 565 752 614 casn.
777 564 968 612 nnururus

526 666 705 731 Adversar.
721 665 798 729 Lib.
815 681 855 729 x.
872 663 954 747 Cup.
968 664 1023 729 26.
1036 686 1086 748 pr.

305 818 342 882 Si
371 818 548 901 quisquam
571 815 697 879 Auctor
722 834 830 879 rerum
858 817 1086 897 materiaeque,
1110 836 1196 897 quas
1221 818 1353 891 tractat,

261 920 366 1003 gratia
382 917 525 983 difficilis
540 924 574 983 et
595 919 758 983 obscurus
782 916 825 981 ad
847 936 909 981 uos
930 917 1042 996 venit3
1064 918 1094 979 is
1115 925 1167 981 est
1182 916 1352 991 Manilius,

261 1022 292 1085 si
306 1019 511 1103 principibus
535 1016 646 1100 politis
667 1038 732 1083 nou
755 1018 1029 1095 annumerandus,
1047 1019 1280 1081 ornatissimus
1303 1024 1353 1080 ta·

260 1142 338 1187 meu
367 1126 473 1197 vates,
496 1126 531 1183 et
552 1120 664 1185 multis
686 1140 730 1184 ex
760 1120 896 1185 tumidis
920 1118 1192 1185 buccinatoribus
1221 1118 1352 1200 iugenio

260 1225 367 1307 prior;
388 1242 528 1306 quorum
543 1222 573 1286 si
590 1224 664 1305 quis
680 1224 747 1287 tale
762 1221 844 1305 quid
856 1222 1101 1297 aususluisset,
1118 1240 1199 1285 saue
1212 1218 1350 1284 mirifice

260 1342 336 1389 euru
353 1322 549 1388 affectandis
571 1323 782 1387 acuminibus
797 1331 834 1388 et
855 1322 1060 1387 sententiolis
1074 1341 1097 1386 a
1111 1321 1351 1405 perspicuitate

260 1444 467 1489 recessurum
482 1423 588 1487 fuisse
605 1424 756 1487 arbitror.

304 1526 401 1589 lusor
426 1524 705 1588 Adversariorum
728 1524 805 1590 Lib.
827 1541 1001 1607 vr11.cap.
1022 1526 1055 1590 8.
1080 1530 1114 1589 et
1137 1525 1181 1589 ad
1207 1522 1351 1589 Statium

261 1646 357 1692 suum
371 1626 469 1690 Tom.
486 1640 527 1692 rr.
541 1644 619 1707 pag.
634 1625 757 1713 5552et
769 1626 850 1690 alibi
864 1629 1002 1709 saepius.

612 1863 725 1911 nunu.
757 1864 811 1911 so.
841 1863 995 1912 vossrus

636 1981 688 2044 De
703 1980 822 2046 Poetis
839 1981 978 2046 Latinis.

303 2128 465 2199 Manilius
489 2129 571 2203 sive,
594 2133 632 2191 ut
656 2128 691 2191 iu
721 2130 825 2193 variis
851 2137 904 2193 est
927 2129 1032 2205 libris,
1065 2128 1224 2203 Manlius,
1251 2126 1350 2209 eujus

261 2226 513 2292 Astronomicou
541 2226 712 2304 babemus,
739 2236 889 2293 extrema
919 2230 1065 2312 Augusti
1092 2234 1193 2293 aetate
1221 2226 1352 2291 vixisse

259 2327 409 2393 creditur.
454 2326 540 2390 Suue
550 2328 697 2390 meminit
711 2326 868 2393 Varianae
883 2329 1002 2406 cladis,
1018 2349 1095 2412 quac
1111 2328 1349 2413 quinquiennio

259 2429 400 2510 contigit
428 2434 502 2492 ante
531 2449 708 2493 excessum
736 2429 893 2513 Augusti.
936 2429 1116 2515 Antiquior
1149 2429 1247 2512 igitur
1275 2448 1351 2493 esse

259 2531 415 2610 Augusto
442 2549 509 2593 nou
536 2532 654 2612 possit.
711 2530 837 2596 Verum
867 2533 896 2594 si
923 2531 1048 2596 Ouidio
1073 2533 1170 2597 luerit
1198 2531 1351 2614 aequalis,

258 2631 386 2708 mirum,
411 2630 484 2714 ejus
503 2630 662 2696 Ovidium
676 2633 793 2697 ultima
808 2632 1020 2697 Ponticorum
1035 2634 1141 2716 elegia
1155 2652 1220 2697 nou
1233 2632 1350 2696 memi-

258 2731 359 2796 nisse.
403 2732 474 2796 Etsi
489 2751 555 2797 nou
570 2734 718 2814 ignorem
733 2734 846 2818 ipsum
861 2734 981 2812 dicere,
996 2735 1161 2818 quosdam
1176 2755 1198 2798 a
1209 2753 1248 2797 se
1264 2753 1350 2816 prar-

259 2832 359 2896 teriri.
402 2833 570 2899 Praeterea
585 2833 689 2900 dictio
711 2835 853 2900 suadere
870 2835 1001 2899 videtur
1015 2837 1131 2919 potius
1148 2835 1277 2899 vixisse
1298 2855 1351 2899 se·

257 2934 359 3000 uioris
367 2934 550 2998 Theodosii
564 2937 778 3020 temporibus.
814 2937 923 3000 Immo
938 2936 1122 3001 clarissimo
1137 2937 1209 3000 viro
1220 2935 1350 3001 Gerar-

258 3034 307 3097 tio
323 3032 455 3098 videtur
477 3053 553 3098 csse
575 3035 606 3098 is
631 3035 781 3101 Manlius
795 3037 1006 3114 Theodorus,
1031 3057 1130 3120 quem
1150 3039 1193 3100 ab
1215 3037 1350 3102 siderab

259 3135 400 3199 scientia
413 3136 576 3218 praedicat
591 3134 797 3202 Claudianus
810 3140 843 3202 in
857 3138 1061 3222 Panegyrico
1072 3137 1200 3201 adeum
1214 3138 1349 3220 scripto.

262 3282 269 3296 .
286 3283 294 3301 .
313 3280 320 3295 .
337 3281 345 3299 .
359 3236 397 3300 Si
414 3237 478 3300 mvi
491 3237 537 3300 sit
551 3233 737 3318 Augustei,
752 3257 828 3302 eum
846 3239 911 3302 sibi
926 3239 1121 3304 imitandum
1137 3241 1349 3321 proposuerit

258 3336 372 3400 Julius
388 3337 565 3414 Firminus,
581 3339 639 3421 qui
652 3338 714 3402 sub
730 3337 953 3404 Constantino
969 3337 1019 3403 M.
1034 3339 1130 3402 vixit.
1164 3339 1224 3403 Sin
1238 3339 1349 3404 Theo·

259 3437 400 3501 dosiana
422 3439 544 3502 vixerit
573 3445 683 3513 erate,
715 3437 876 3503 Manilius
906 3438 1085 3503 Firmicum
1114 3439 1259 3502 carmine
1287 3460 1348 3504 ex·

258 3539 430 3620 presserit.
453 3536 539 3614 Quae
554 3540 667 3622 opinio
681 3541 780 3603 uobis
792 3539 920 3622 placuit
929 3539 1004 3603 lib.
1019 3556 1059 3602 rr.
1075 3538 1116 3602 de
1130 3536 1215 3604 Arte
1228 3539 1348 3605 Gram-

258 3646 341 3702 mat.
357 3655 430 3719 cap·
444 3637 498 3702 26.
543 3638 643 3702 Nune
656 3640 692 3702 in
715 3639 852 3703 alteram
874 3641 981 3721 magis
1001 3640 1189 3703 seutentiam
1204 3660 1348 3724 propen-

260 3738 334 3802 rleo.
378 3737 512 3818 legenti
540 3740 625 3803 enim
655 3739 832 3805 Manilium
852 3742 970 3806 iterum
991 3742 1175 3823 iterumque
1202 3739 1347 3825 Augusti

259 3838 463 3921 temporibus
478 3837 608 3905 ridetur
621 3841 806 3906 convenire.
