3067 4875
257 350 280 413 2
708 368 900 416 nrrsrous.

301 507 420 591 Neque
443 527 523 573 vero
548 510 708 575 minorem
734 512 880 575 nominis
907 510 1226 576 commendationem
1247 511 1346 575 duxit

256 629 367 687 exeo,
389 611 477 693 quod
500 618 644 675 veterem
660 610 798 676 Romuli
814 632 854 676 ac
871 611 994 676 Numae
1011 612 1250 676 Kalendarinm
1271 633 1345 677 cor·

256 713 393 789 rexerit,
408 732 509 795 quam
536 719 593 776 aut
618 732 661 775 ax
684 714 929 778 commentariis
954 732 1039 796 quos
1065 714 1212 795 scripsit,
1227 722 1285 778 aut
1299 733 1344 776 ex

254 812 353 876 bellis
368 832 444 895 quar
460 813 618 877 confecit.

298 913 365 979 Sed
381 933 534 997 quorsum
549 913 676 977 exteris
693 916 728 978 et
751 911 888 993 lougius
902 913 1018 995 petitis
1032 912 1196 995 exemplis
1211 912 1343 988 utimur,

256 1016 515 1079 Snaaurssrun
548 1016 764 1089 Duorurus,
802 1033 877 1077 oum
908 1014 1064 1095 propiora
1092 1032 1133 1077 ac
1161 1012 1344 1077 domestica

254 1116 488 1199 suppediteutl
522 1116 755 1199 Superioribus
786 1115 875 1179 euim
904 1114 1039 1178 saeculis
1064 1114 1182 1177 mimm
1207 1114 1242 1177 in
1274 1133 1343 1179 mo·

252 1216 331 1280 duru
345 1216 500 1282 delectati
515 1224 594 1281 sunt
608 1218 670 1280 boc
684 1214 795 1281 studio
810 1215 1011 1297 Alpbonsns
1033 1231 1074 1279 x.
1096 1214 1342 1297 Hispaniarum

253 1316 344 1395 Rex,
359 1318 417 1399 qui
431 1318 560 1399 insigne
576 1336 661 1399 opus
677 1317 864 1381 tabularum
880 1317 1190 1380 Astronomioarnm
1206 1336 1343 1399 compo·

254 1418 338 1495 soit3
360 1426 392 1482 et
408 1416 546 1481 Carolus
563 1434 598 1479 v.
619 1416 819 1501 Imperator,
833 1426 867 1481 et
888 1417 990 1480 frater
1003 1416 1078 1498 ejus
1094 1415 1341 1496 Ferdinandus3

252 1536 394 1599 quorum
410 1520 601 1601 exemplum
623 1518 744 1580 imitati
760 1522 839 1581 snut
855 1517 1033 1599 Philippus
1049 1532 1091 1579 rr.
1107 1518 1341 1600 Hispanomm

251 1617 342 1694 Rex,
357 1627 389 1682 et
404 1618 654 1681 Maximilianus
670 1634 713 1680 rr.
733 1617 926 1701 Imperator·
946 1643 952 1697 ,ζ

240 1764 242 1768 -
293 1716 386 1795 Quid
402 1718 511 1781 dicam
527 1718 570 1781 de
588 1718 678 1799 regio
695 1717 754 1781 illo
769 1724 946 1800 apparatu,
962 1736 1030 1801 qno
1044 1724 1145 1783 artem
1167 1719 1256 1782 hanc
1281 1738 1341 1783 ex·

249 1818 315 1883 ooli
331 1824 431 1901 atque
451 1819 561 1901 excipi
580 1817 676 1900 jubet
692 1819 914 1883 Luuovrous
931 1819 1120 1883 Maouusl
1166 1818 1270 1901 Cujus
1289 1819 1339 1882 rei

247 1919 342 1983 tostis
355 1926 409 1982 est
427 1919 482 1982 vel
502 1919 585 1983 illud
609 1920 817 2000 magnificum
838 1920 1030 1996 aedificium,
1052 1920 1142 2002 quod
1158 1920 1192 1982 in
1206 1910 1339 1983 modum

125 2026 130 2039 ·
247 2020 334 2083 arcis
357 2017 592 2083 exstruendum
615 2020 745 2083 curavit
767 2021 802 2083 iu
827 2021 988 2102 superiori
1011 2019 1115 2084 Urbis
1132 2019 1340 2083 Parisiorum

247 2126 353 2203 parte,
370 2139 445 2202 quae
463 2120 571 2199 vergit
592 2118 635 2182 ad
656 2119 833 2196 meridiem,
856 2128 895 2183 ut
916 2139 962 2184 ax
978 2120 1072 2183 illius
1092 2120 1224 2183 sublimi
1240 2124 1339 2204 tecto,

245 2226 406 2302 tanquam
432 2236 475 2281 ex
497 2220 597 2301 plano
619 2224 653 2281 et
677 2228 793 2301 aperto
810 2238 940 2303 campo,
957 2220 1100 2283 siderum
1116 2239 1235 2284 cursus
1250 2236 1340 2283 com-

245 2319 441 2385 modissime
455 2320 680 2384 observentur.

288 2419 352 2484 Est
373 2420 446 2486 haeo
461 2422 614 2485 nimirum
638 2421 779 2486 seientia
797 2418 919 2503 regulis
941 2443 983 2486 ao
1007 2441 1106 2504 paeue
1122 2419 1246 2499 divina,
1261 2439 1337 2504 quoa

244 2539 355 2602 rogum
379 2523 521 2600 animos,
545 2522 605 2603 qui
626 2522 670 2585 ad
691 2522 802 2586 Deum
822 2525 972 2604 proxime
995 2523 1171 2600 accedunt,
1195 2524 1336 2607 primum

244 2639 377 2686 movere
393 2623 531 2705 dignata
545 2633 611 2699 est,
626 2629 664 2685 nt
681 2622 842 2704 praeclare
854 2625 971 2688 cecinit
986 2623 1165 2687 Manilinse

764 2720 852 2799 Qum
874 2741 910 2785 se
932 2724 1007 2806 ipsa
1028 2723 1164 2787 reclusit

375 2823 523 2906 Regulus
546 2823 674 2889 animos
699 2823 840 2906 primum
863 2822 996 2904 dignate
1015 2842 1162 2899 movere,

374 2923 533 2986 Proxima
558 2928 733 3004 tangentes
755 2941 863 2986 rerum
884 2922 1133 3004 lastigiacoelo.

247 3022 426 3087 Enimvero
449 3024 537 3106 qnis,
559 3030 597 3087 ut
618 3023 765 3107 ejusdem
790 3025 898 3087 verbis
920 3030 1006 3101 utar,

370 3121 458 3200 Quis
474 3125 597 3187 coelum
613 3125 733 3205 possit,
749 3123 816 3186 uisi
832 3124 915 3187 coeli
931 3143 1068 3187 munera
1082 3131 1213 3206 nosset3

370 3223 414 3287 Et
428 3225 570 3306 reperire
582 3225 701 3301 Deum,
715 3227 782 3288 nisi
798 3224 857 3307 qui
871 3243 951 3306 pars
965 3225 1038 3306 ipse
1054 3225 1198 3288 Deomm
1213 3226 1287 3290 ast't

283 3320 388 3399 Quod
410 3325 445 3387 in
468 3323 553 3388 Julii
577 3325 786 3407 potissimum
809 3329 842 3388 et
865 3320 1009 3406 Augusti
1033 3326 1174 3406 gratiam
1203 3327 1331 3391 dictum

241 3441 321 3488 saue
335 3425 452 3502 voluit,
474 3445 558 3508 quos
573 3435 604 3489 et
626 3425 759 3490 siderali
782 3425 934 3490 scientim
958 3426 1112 3490 addictos
1133 3435 1282 3504 constat,
1301 3434 1334 3490 et
1405 3432 1407 3435 ’

240 3522 370 3588 divinos
387 3524 541 3602 bonores,
556 3527 696 3590 alterum
722 3534 800 3609 post
815 3534 964 3600 mortem,
979 3527 1118 3591 altemm
1138 3529 1239 3593 etiam
1254 3528 1333 3592 dnm

240 3623 379 3698 viveret,
398 3633 602 3688 consecutos
622 3626 726 3690 fnisse
739 3625 909 3688 memoriae
925 3625 1089 3706 proditum
1104 3636 1163 3690 est.

282 3720 432 3799 Quorum
460 3729 568 3787 tamen
607 3725 888 3806 praestantissima
917 3725 1029 3791 studia
1064 3747 1130 3791 nou
1158 3736 1210 3791 est
1240 3727 1331 3810 quod

237 3823 415 3906 quisquam
430 3826 573 3906 requirat
587 3825 622 3888 in
640 3827 703 3890 bac
718 3831 818 3890 aelate
832 3832 958 3904 nostra,
973 3845 1015 3892 ae
1032 3827 1122 3893 felici
1140 3829 1328 3894 buuovrcr

238 3922 370 3987 Muour
394 3925 547 4006 imperio,
568 3927 805 4009 triumphomm
828 3928 949 4009 palmis
972 3936 1008 3992 et
1027 3930 1129 3994 olivae
1152 3930 1327 4006 fructibus,

236 4023 299 4088 boc
323 4033 386 4099 est,
412 4033 447 4089 et
466 4045 573 4090 rerum
599 4027 688 4090 bello
711 4034 876 4108 gestarum
897 4027 1012 4110 gloria,
1038 4040 1073 4093 et
1097 4031 1208 4094 beatae
1233 4029 1331 4112 pacis

237 4125 428 4203 commodis,
449 4126 649 4205 abundanti3
671 4128 706 4192 iu
727 4146 796 4211 quo
818 4147 894 4194 eum
919 4137 1038 4194 oeterae
1053 4130 1228 4212 praeclarae
1243 4137 1330 4194 ortes
