3067 4875
318 924 1095 1074 PuAEuAvro

445 1285 501 1361 M.
529 1285 673 1361 ELlAE
702 1284 965 1363 STOEBER.

164 1836 293 1927 Quum
321 1860 445 1926 dudum
479 1862 544 1927 sibi
570 1862 678 1927 civem
702 1863 901 1945 exquisivit,
931 1864 1043 1948 allegit
1069 1864 1252 1947 Argentiua

162 1961 323 2039 Literatu,
337 1960 506 2039 Manilius,
517 1963 711 2046 politissimi
720 1963 844 2045 ingenii
857 1963 971 2046 polita,
983 1966 1252 2049 tenuissimusque

163 2064 330 2146 scriptun
352 2063 439 2127 idern
453 2064 510 2127 ille
525 2081 613 2128 nnnc
634 2063 750 2127 iterum
770 2082 814 2127 ex
824 2062 927 2129 Alma
937 2072 1052 2130 nostra
1060 2068 1095 2129 in
1104 2067 1253 2131 literato·

163 2184 236 2228 rum
252 2184 369 2229 manus
384 2166 466 2241 exit,
479 2184 547 2229 non
566 2172 686 2230 nostra
705 2165 814 2248 magis
833 2185 947 2249 opera,
962 2186 1064 2249 quam
1079 2166 1252 2231 beneficiis

164 2265 304 2329 aliorum
318 2265 424 2331 multo
439 2284 480 2331 ac
494 2272 570 2330 ante
585 2266 741 2331 ornatior.

210 2366 287 2430 Duo
303 2368 390 2429 enim
403 2366 491 2431 ultra
504 2367 665 2448 cuculum
680 2364 836 2431 effluxere
849 2366 967 2445 lustra,
981 2386 1025 2431 ex
1040 2385 1107 2451 quo
1120 2367 1254 2431 Boecle·

165 2486 220 2530 rus
233 2467 304 2544 ille,
320 2467 374 2530 sui
388 2468 492 2532 decus
506 2469 571 2534 aevi
587 2466 806 2551 praecipuum,
832 2465 1030 2533 Maniliana
1052 2488 1113 2533 eeu
1138 2469 1254 2552 potins

166 2568 443 2638 uenerationis
468 2589 567 2652 opus,
591 2568 861 2645 Astronomicon,
885 2570 993 2635 tertiis
1013 2570 1123 2652 magui
1145 2570 1255 2636 Scali-

167 2671 234 2751 geri
249 2671 338 2734 curis
353 2677 545 2734 exornatum
560 2671 655 2754 prelo
669 2677 783 2735 nostro
798 2671 919 2734 amicit.

209 2771 250 2835 lu
275 2791 342 2855 quo
368 2791 444 2836 cum
471 2773 614 2854 plurima
633 2770 698 2836 sibi
717 2770 907 2836 vindicavit
928 2771 1100 2855 utriusque
1115 2771 1255 2836 editoris

167 2891 330 2937 summurn
349 2872 470 2954 ingenii
485 2893 635 2949 acumen,
655 2872 848 2955 eximiaque
866 2871 1022 2938 doctrina
1035 2881 1070 2938 ct
1083 2873 1254 2950 industria,

166 2993 374 3056 magnacum
391 2976 539 3057 ipsorum
562 2974 759 3040 anctoritate
778 2973 977 3057 conjuncta:
999 2981 1071 3038 tum
1086 2993 1165 3038 vcro
1180 2995 1255 3057 per·

166 3075 302 3157 vulgata
316 3076 462 3140 Boecleri
477 3077 665 3142 celebritate
686 3076 821 3148 sactum,
836 3078 922 3142 utin
941 3076 1080 3158 augendi
1095 3076 1255 3159 splendo·
1328 3126 1332 3134 .

166 3178 211 3242 ria
226 3179 415 3242 societatem
431 3179 646 3244 concederent
660 3183 670 3212 ‘
688 3197 754 3242 non
769 3177 998 3243 dissimulandi
1009 3178 1154 3242 nominis
1165 3179 1255 3245 Viri’.

166 3279 352 3344 Bullialdne
366 3285 466 3362 atque
483 3279 675 3358 Reiueaius,
692 3278 749 3361 qui
766 3297 844 3361 quae
866 3278 909 3342 ad
931 3278 1164 3362 expoliendum
1179 3279 1256 3344 Ma·

166 3378 280 3443 nilinrn
309 3380 460 3461 ipsorum
484 3387 575 3444 erant
595 3380 825 3444 lucubratione
848 3388 976 3464 parata,
1002 3400 1044 3446 ea
1066 3401 1140 3444 cnm
1164 3381 1256 3445 illiue

167 3485 321 3564 patrono,
337 3499 467 3563 auoque
482 3482 592 3546 amico
607 3481 797 3563 praecipuo,
816 3483 1108 3546 communicarent.

209 3581 373 3663 Equidem
390 3600 466 3646 vero
483 3581 643 3664 dignitate
662 3580 748 3645 licet
768 3581 835 3645 illis
858 3582 965 3646 multo
987 3581 1128 3659 inferior,
1149 3583 1256 3648 ausim

168 3689 279 3746 tamen
293 3681 464 3759 affirmare,
478 3702 532 3747 me
548 3685 583 3747 iu
598 3683 772 3748 adoranda
786 3682 849 3749 huc
862 3683 968 3748 altera
978 3681 1258 3765 Argentoratensi

167 3783 245 3847 salis
269 3803 366 3847 nsum
389 3802 466 3846 ease
491 3782 592 3865 longe
618 3783 870 3848 illustrioribus.
913 3784 994 3849 Hoc
1008 3805 1109 3868 quarn
1123 3803 1197 3848 vore
1215 3803 1257 3848 ac

163 3885 255 3967 juste
271 3883 352 3946 milri
367 3882 577 3964 praedicetur,
592 3883 645 3948 Tu
662 3903 730 3947 uon
746 3883 881 3948 aliunde
897 3886 1066 3968 pulchrius
1082 3885 1257 3966 intelliges,

169 3985 317 4049 studiose
331 3983 465 4061 Lector,
482 4003 583 4067 quam
598 4005 641 4049 ex
657 3987 733 4068 ipsa
747 3985 847 4069 hujus
861 3987 1018 4051 editionis
1031 3986 1259 4069 historiaque

169 4087 283 4170 quida
297 4085 378 4149 viris
394 4085 517 4163 doctis,
533 4086 614 4170 quid
638 4107 660 4150 a
684 4087 784 4151 nobis
807 4089 842 4151 in
860 4087 925 4152 hoc
948 4107 1048 4170 opere
1070 4088 1258 4171 praestitum

168 4187 219 4266 ait,
234 4186 391 4270 equidem
407 4186 568 4270 praefandi
583 4185 694 4253 officio
711 4189 929 4253 d'esuncturns
944 4207 1122 4272 exponam.
