<?xml version="1.0" encoding="UTF-8"?>
<!DOCTYPE html PUBLIC "-//W3C//DTD XHTML 1.0 Transitional//EN"
    "http://www.w3.org/TR/xhtml1/DTD/xhtml1-transitional.dtd">
<html xmlns="http://www.w3.org/1999/xhtml" xml:lang="en" lang="en">
 <head>
  <title>
</title>
<meta http-equiv="Content-Type" content="text/html;charset=utf-8" />
  <meta name='ocr-system' content='tesseract 3.04.00' />
  <meta name='ocr-capabilities' content='ocr_page ocr_carea ocr_par ocr_line ocrx_word'/>
</head>
<body>
  <div class='ocr_page' id='page_1' title='image "./mmaniliiastrono02manigoog/mmaniliiastrono02manigoog_0042.png"; bbox 0 0 3067 4875; ppageno 0'>
   <div class='ocr_carea' id='block_1_1' title="bbox 278 340 1033 404">
    <p class='ocr_par' dir='ltr' id='par_1_1' title="bbox 278 340 1033 404">
     <span class='ocr_line' id='line_1_1' title="bbox 278 340 1033 404; baseline -0.007 0"><span class='ocrx_word' id='word_1_1' title='bbox 278 340 322 404; x_wconf 82' lang='lat'><strong>30</strong></span> <span class='ocrx_word' id='word_1_2' title='bbox 610 352 774 401; x_wconf 79' lang='lat' dir='ltr'><strong>snnnc‘rs</strong></span> <span class='ocrx_word' id='word_1_3' title='bbox 803 352 849 400; x_wconf 90' lang='lat' dir='ltr'><strong>os</strong></span> <span class='ocrx_word' id='word_1_4' title='bbox 874 350 1033 400; x_wconf 76' lang='lat' dir='ltr'><strong>ararnio</strong></span> 
     </span>
    </p>
   </div>
   <div class='ocr_carea' id='block_1_2' title="bbox 279 486 1363 881">
    <p class='ocr_par' dir='ltr' id='par_1_2' title="bbox 279 486 1363 881">
     <span class='ocr_line' id='line_1_2' title="bbox 280 486 1363 579; baseline -0.008 -20"><span class='ocrx_word' id='word_1_5' title='bbox 280 496 338 579; x_wconf 89' lang='lat' dir='ltr'><strong>qui</strong></span> <span class='ocrx_word' id='word_1_6' title='bbox 367 500 456 567; x_wconf 88' lang='lat' dir='ltr'><strong>sunt,</strong></span> <span class='ocrx_word' id='word_1_7' title='bbox 487 492 572 557; x_wconf 86' lang='lat' dir='ltr'><strong>alios</strong></span> <span class='ocrx_word' id='word_1_8' title='bbox 598 493 696 558; x_wconf 90' lang='lat' dir='ltr'><strong>nobis</strong></span> <span class='ocrx_word' id='word_1_9' title='bbox 722 492 884 557; x_wconf 84' lang='lat' dir='ltr'><strong>hactenus</strong></span> <span class='ocrx_word' id='word_1_10' title='bbox 908 492 1052 574; x_wconf 78' lang='lat' dir='ltr'><strong>ignotos,</strong></span> <span class='ocrx_word' id='word_1_11' title='bbox 1072 509 1116 555; x_wconf 83' lang='lat' dir='ltr'><strong>ex</strong></span> <span class='ocrx_word' id='word_1_12' title='bbox 1136 494 1206 566; x_wconf 88' lang='lat' dir='ltr'><strong>tua,</strong></span> <span class='ocrx_word' id='word_1_13' title='bbox 1228 486 1363 567; x_wconf 85' lang='lat' dir='ltr'><strong>Lector,</strong></span> 
     </span>
     <span class='ocr_line' id='line_1_3' title="bbox 279 588 1362 677; baseline -0.006 -18"><span class='ocrx_word' id='word_1_14' title='bbox 279 597 396 659; x_wconf 87' lang='lat' dir='ltr'><strong>harum</strong></span> <span class='ocrx_word' id='word_1_15' title='bbox 407 612 512 657; x_wconf 90' lang='lat' dir='ltr'><strong>rerum</strong></span> <span class='ocrx_word' id='word_1_16' title='bbox 527 595 730 658; x_wconf 88' lang='lat' dir='ltr'><strong>conscientie</strong></span> <span class='ocrx_word' id='word_1_17' title='bbox 738 594 873 677; x_wconf 77' lang='lat' dir='ltr'><strong>junges.</strong></span> <span class='ocrx_word' id='word_1_18' title='bbox 917 591 992 656; x_wconf 89' lang='lat' dir='ltr'><strong>Nos</strong></span> <span class='ocrx_word' id='word_1_19' title='bbox 1006 591 1193 656; x_wconf 80' lang='lat' dir='ltr'><strong>extantiora</strong></span> <span class='ocrx_word' id='word_1_20' title='bbox 1206 596 1242 653; x_wconf 88' lang='lat' dir='ltr'><strong>et</strong></span> <span class='ocrx_word' id='word_1_21' title='bbox 1257 588 1362 654; x_wconf 85' lang='lat' dir='ltr'><strong>relatu</strong></span> 
     </span>
     <span class='ocr_line' id='line_1_4' title="bbox 279 691 1361 778; baseline -0.005 -18"><span class='ocrx_word' id='word_1_22' title='bbox 279 696 433 778; x_wconf 82' lang='lat' dir='ltr'><strong>digniora</strong></span> <span class='ocrx_word' id='word_1_23' title='bbox 447 694 488 759; x_wconf 93' lang='lat' dir='ltr'><strong>de</strong></span> <span class='ocrx_word' id='word_1_24' title='bbox 498 695 638 759; x_wconf 85' lang='lat' dir='ltr'><strong>Manilio</strong></span> <span class='ocrx_word' id='word_1_25' title='bbox 646 695 669 759; x_wconf 88' lang='lat' dir='ltr'>J</span> <span class='ocrx_word' id='word_1_26' title='bbox 671 695 783 759; x_wconf 90' lang='lat' dir='ltr'><strong>udicia</strong></span> <span class='ocrx_word' id='word_1_27' title='bbox 793 702 828 758; x_wconf 88' lang='lat' dir='ltr'><strong>et</strong></span> <span class='ocrx_word' id='word_1_28' title='bbox 837 691 1048 759; x_wconf 85' lang='lat' dir='ltr'><strong>Testimonia</strong></span> <span class='ocrx_word' id='word_1_29' title='bbox 1060 692 1116 757; x_wconf 87' lang='lat' dir='ltr'><strong>hic</strong></span> <span class='ocrx_word' id='word_1_30' title='bbox 1132 691 1361 775; x_wconf 79' lang='lat' dir='ltr'><strong>subjungimus</strong></span> 
     </span>
     <span class='ocr_line' id='line_1_5' title="bbox 279 789 1362 881; baseline -0.008 -19"><span class='ocrx_word' id='word_1_31' title='bbox 279 818 400 873; x_wconf 88' lang='lat' dir='ltr'><strong>eornm,</strong></span> <span class='ocrx_word' id='word_1_32' title='bbox 412 798 470 881; x_wconf 92' lang='lat' dir='ltr'><strong>qui</strong></span> <span class='ocrx_word' id='word_1_33' title='bbox 484 798 566 872; x_wconf 86' lang='lat' dir='ltr'><strong>suis,</strong></span> <span class='ocrx_word' id='word_1_34' title='bbox 581 817 648 860; x_wconf 90' lang='lat' dir='ltr'><strong>non</strong></span> <span class='ocrx_word' id='word_1_35' title='bbox 664 796 817 873; x_wconf 89' lang='lat' dir='ltr'><strong>aliorum,</strong></span> <span class='ocrx_word' id='word_1_36' title='bbox 831 796 941 860; x_wconf 90' lang='lat' dir='ltr'><strong>oculis</strong></span> <span class='ocrx_word' id='word_1_37' title='bbox 957 814 1045 879; x_wconf 90' lang='lat' dir='ltr'><strong>opus</strong></span> <span class='ocrx_word' id='word_1_38' title='bbox 1059 793 1308 877; x_wconf 75' lang='lat' dir='ltr'><strong>perlustrantes,</strong></span> <span class='ocrx_word' id='word_1_39' title='bbox 1321 789 1362 853; x_wconf 90' lang='lat' dir='ltr'><strong>de</strong></span> 
     </span>
    </p>
   </div>
   <div class='ocr_carea' id='block_1_3' title="bbox 160 890 1362 981">
    <p class='ocr_par' dir='ltr' id='par_1_3' title="bbox 160 890 1362 981">
     <span class='ocr_line' id='line_1_6' title="bbox 160 890 1362 981; baseline -0.009 -16"><span class='ocrx_word' id='word_1_40' title='bbox 160 950 161 954; x_wconf 63' lang='lat'><strong>,</strong></span> <span class='ocrx_word' id='word_1_41' title='bbox 280 898 437 964; x_wconf 82' lang='lat' dir='ltr'><strong>Auctoris</strong></span> <span class='ocrx_word' id='word_1_42' title='bbox 452 898 582 979; x_wconf 85' lang='lat' dir='ltr'><strong>ingenio</strong></span> <span class='ocrx_word' id='word_1_43' title='bbox 597 898 814 981; x_wconf 79' lang='lat' dir='ltr'><strong>doctrinaque</strong></span> <span class='ocrx_word' id='word_1_44' title='bbox 830 903 1025 962; x_wconf 84' lang='lat' dir='ltr'><strong>statuerunt.</strong></span> <span class='ocrx_word' id='word_1_45' title='bbox 1063 894 1196 973; x_wconf 84' lang='lat' dir='ltr'><strong>Quibus</strong></span> <span class='ocrx_word' id='word_1_46' title='bbox 1206 890 1362 975; x_wconf 76' lang='lat' dir='ltr'><strong>equidem</strong></span> 
     </span>
    </p>
   </div>
   <div class='ocr_carea' id='block_1_4' title="bbox 277 995 1264 1083">
    <p class='ocr_par' dir='ltr' id='par_1_4' title="bbox 277 995 1264 1083">
     <span class='ocr_line' id='line_1_7' title="bbox 277 995 1264 1083; baseline -0.008 -19"><span class='ocrx_word' id='word_1_47' title='bbox 277 1000 361 1083; x_wconf 87' lang='lat' dir='ltr'><strong>ipsis</strong></span> <span class='ocrx_word' id='word_1_48' title='bbox 373 1017 480 1063; x_wconf 90' lang='lat' dir='ltr'><strong>rerum</strong></span> <span class='ocrx_word' id='word_1_49' title='bbox 495 1000 695 1081; x_wconf 80' lang='lat' dir='ltr'><strong>argumentis</strong></span> <span class='ocrx_word' id='word_1_50' title='bbox 709 999 833 1077; x_wconf 89' lang='lat' dir='ltr'><strong>edocti,</strong></span> <span class='ocrx_word' id='word_1_51' title='bbox 848 998 996 1063; x_wconf 88' lang='lat' dir='ltr'><strong>lubentes</strong></span> <span class='ocrx_word' id='word_1_52' title='bbox 1010 995 1264 1062; x_wconf 80' lang='lat' dir='ltr'><strong>subscribimus.</strong></span> 
     </span>
    </p>
   </div>
   <div class='ocr_carea' id='block_1_5' title="bbox 642 1280 994 1331">
    <p class='ocr_par' dir='ltr' id='par_1_5' title="bbox 642 1280 994 1331">
     <span class='ocr_line' id='line_1_8' title="bbox 642 1280 994 1331; baseline -0.003 0"><span class='ocrx_word' id='word_1_53' title='bbox 642 1282 786 1331; x_wconf 73' lang='lat' dir='ltr'>PRTRUS</span> <span class='ocrx_word' id='word_1_54' title='bbox 811 1280 994 1331; x_wconf 77' lang='lat' dir='ltr'><strong>CRlNl&#39;l&#39;US</strong></span> 
     </span>
    </p>
   </div>
   <div class='ocr_carea' id='block_1_6' title="bbox 519 1431 1073 1529">
    <p class='ocr_par' dir='ltr' id='par_1_6' title="bbox 519 1431 1073 1529">
     <span class='ocr_line' id='line_1_9' title="bbox 519 1431 1073 1529; baseline -0.007 -32"><span class='ocrx_word' id='word_1_55' title='bbox 519 1520 523 1529; x_wconf 30' lang='grc' dir='ltr'>Ι</span> <span class='ocrx_word' id='word_1_56' title='bbox 575 1433 629 1497; x_wconf 90' lang='lat' dir='ltr'><strong>De</strong></span> <span class='ocrx_word' id='word_1_57' title='bbox 644 1431 905 1497; x_wconf 66' lang='lat' dir='ltr'><strong>Poetislsatinis</strong></span> <span class='ocrx_word' id='word_1_58' title='bbox 919 1432 1005 1515; x_wconf 83' lang='lat' dir='ltr'><strong>Cap.</strong></span> <span class='ocrx_word' id='word_1_59' title='bbox 1019 1432 1073 1496; x_wconf 81' lang='lat'><strong>41.</strong></span> 
     </span>
    </p>
   </div>
   <div class='ocr_carea' id='block_1_7' title="bbox 268 1609 1360 3910">
    <p class='ocr_par' dir='ltr' id='par_1_7' title="bbox 268 1609 1360 3910">
     <span class='ocr_line' id='line_1_10' title="bbox 320 1609 1360 1679; baseline -0.005 0"><span class='ocrx_word' id='word_1_60' title='bbox 320 1612 371 1679; x_wconf 90' lang='grc' dir='ltr'><strong>Μ.</strong></span> <span class='ocrx_word' id='word_1_61' title='bbox 389 1614 549 1679; x_wconf 80' lang='lat' dir='ltr'><strong>Manilius</strong></span> <span class='ocrx_word' id='word_1_62' title='bbox 564 1634 608 1677; x_wconf 86' lang='lat' dir='ltr'><strong>ex</strong></span> <span class='ocrx_word' id='word_1_63' title='bbox 626 1614 751 1678; x_wconf 88' lang='lat' dir='ltr'><strong>illustri</strong></span> <span class='ocrx_word' id='word_1_64' title='bbox 772 1614 900 1678; x_wconf 84' lang='lat' dir='ltr'><strong>familia</strong></span> <span class='ocrx_word' id='word_1_65' title='bbox 923 1618 1021 1677; x_wconf 87' lang='lat' dir='ltr'><strong>natus</strong></span> <span class='ocrx_word' id='word_1_66' title='bbox 1041 1612 1192 1676; x_wconf 85' lang='lat' dir='ltr'><strong>creditur·</strong></span> <span class='ocrx_word' id='word_1_67' title='bbox 1235 1609 1360 1675; x_wconf 87' lang='lat' dir='ltr'><strong>lisdem</strong></span> 
     </span>
     <span class='ocr_line' id='line_1_11' title="bbox 276 1711 1360 1799; baseline -0.005 -19"><span class='ocrx_word' id='word_1_68' title='bbox 276 1716 481 1799; x_wconf 87' lang='lat' dir='ltr'><strong>temporibus</strong></span> <span class='ocrx_word' id='word_1_69' title='bbox 502 1716 533 1779; x_wconf 92' lang='lat' dir='ltr'><strong>io</strong></span> <span class='ocrx_word' id='word_1_70' title='bbox 551 1713 642 1778; x_wconf 88' lang='lat' dir='ltr'><strong>Urbe</strong></span> <span class='ocrx_word' id='word_1_71' title='bbox 664 1714 787 1792; x_wconf 88' lang='lat' dir='ltr'><strong>floruit,</strong></span> <span class='ocrx_word' id='word_1_72' title='bbox 805 1716 928 1797; x_wconf 89' lang='lat' dir='ltr'><strong>quibus</strong></span> <span class='ocrx_word' id='word_1_73' title='bbox 944 1714 1053 1778; x_wconf 87' lang='lat' dir='ltr'><strong>Divus</strong></span> <span class='ocrx_word' id='word_1_74' title='bbox 1068 1711 1241 1794; x_wconf 78' lang='lat' dir='ltr'><strong>Augustus</strong></span> <span class='ocrx_word' id='word_1_75' title='bbox 1255 1712 1360 1793; x_wconf 88' lang='lat' dir='ltr'><strong>impe·</strong></span> 
     </span>
     <span class='ocr_line' id='line_1_12' title="bbox 276 1812 1360 1897; baseline -0.003 -18"><span class='ocrx_word' id='word_1_76' title='bbox 276 1816 358 1879; x_wconf 87' lang='lat' dir='ltr'><strong>rium</strong></span> <span class='ocrx_word' id='word_1_77' title='bbox 379 1814 537 1879; x_wconf 84' lang='lat' dir='ltr'><strong>Romanae</strong></span> <span class='ocrx_word' id='word_1_78' title='bbox 556 1814 646 1877; x_wconf 90' lang='lat' dir='ltr'><strong>urbis</strong></span> <span class='ocrx_word' id='word_1_79' title='bbox 667 1814 861 1878; x_wconf 80' lang='lat' dir='ltr'><strong>felicissime</strong></span> <span class='ocrx_word' id='word_1_80' title='bbox 884 1815 1089 1897; x_wconf 78' lang='lat' dir='ltr'><strong>gubernavit.</strong></span> <span class='ocrx_word' id='word_1_81' title='bbox 1133 1812 1251 1896; x_wconf 81' lang='lat' dir='ltr'><strong>Neque</strong></span> <span class='ocrx_word' id='word_1_82' title='bbox 1265 1812 1360 1876; x_wconf 90' lang='lat' dir='ltr'><strong>dubi-</strong></span> 
     </span>
     <span class='ocr_line' id='line_1_13' title="bbox 276 1912 1360 1998; baseline -0.002 -20"><span class='ocrx_word' id='word_1_83' title='bbox 276 1914 410 1978; x_wconf 89' lang='lat' dir='ltr'><strong>tandum</strong></span> <span class='ocrx_word' id='word_1_84' title='bbox 426 1922 490 1990; x_wconf 92' lang='lat' dir='ltr'><strong>est,</strong></span> <span class='ocrx_word' id='word_1_85' title='bbox 506 1913 613 1977; x_wconf 84' lang='lat' dir='ltr'><strong>luisse</strong></span> <span class='ocrx_word' id='word_1_86' title='bbox 636 1912 686 1978; x_wconf 90' lang='lat' dir='ltr'><strong>illi</strong></span> <span class='ocrx_word' id='word_1_87' title='bbox 709 1920 804 1979; x_wconf 92' lang='lat' dir='ltr'><strong>tanto</strong></span> <span class='ocrx_word' id='word_1_88' title='bbox 817 1916 960 1998; x_wconf 84' lang='lat' dir='ltr'><strong>principi</strong></span> <span class='ocrx_word' id='word_1_89' title='bbox 973 1914 1208 1997; x_wconf 76' lang='lat' dir='ltr'><strong>gratissimum,</strong></span> <span class='ocrx_word' id='word_1_90' title='bbox 1224 1920 1360 1996; x_wconf 89' lang='lat' dir='ltr'><strong>propter</strong></span> 
     </span>
     <span class='ocr_line' id='line_1_14' title="bbox 275 2004 1358 2096; baseline -0.003 -19"><span class='ocrx_word' id='word_1_91' title='bbox 275 2015 437 2095; x_wconf 82' lang='lat' dir='ltr'><strong>egregiam</strong></span> <span class='ocrx_word' id='word_1_92' title='bbox 447 2013 692 2096; x_wconf 88' lang='lat' dir='ltr'><strong>disciplinarum</strong></span> <span class='ocrx_word' id='word_1_93' title='bbox 706 2015 926 2096; x_wconf 82' lang='lat' dir='ltr'><strong>cognitionem</strong></span> <span class='ocrx_word' id='word_1_94' title='bbox 938 2020 972 2078; x_wconf 91' lang='lat' dir='ltr'><strong>et</strong></span> <span class='ocrx_word' id='word_1_95' title='bbox 983 2004 1106 2095; x_wconf 83' lang='lat' dir='ltr'><strong>ing&#39;enii</strong></span> <span class='ocrx_word' id='word_1_96' title='bbox 1118 2013 1358 2078; x_wconf 87' lang='lat' dir='ltr'><strong>excellentiam.</strong></span> 
     </span>
     <span class='ocr_line' id='line_1_15' title="bbox 276 2108 1357 2192; baseline 0 -15"><span class='ocrx_word' id='word_1_97' title='bbox 276 2113 401 2179; x_wconf 86' lang='lat' dir='ltr'><strong>Fabius</strong></span> <span class='ocrx_word' id='word_1_98' title='bbox 416 2113 643 2192; x_wconf 81' lang='lat' dir='ltr'><strong>Quintilianus</strong></span> <span class='ocrx_word' id='word_1_99' title='bbox 659 2113 783 2177; x_wconf 89' lang='lat' dir='ltr'><strong>nnllam</strong></span> <span class='ocrx_word' id='word_1_100' title='bbox 804 2114 1006 2178; x_wconf 83' lang='lat' dir='ltr'><strong>mentionem</strong></span> <span class='ocrx_word' id='word_1_101' title='bbox 1028 2114 1071 2177; x_wconf 90' lang='lat' dir='ltr'><strong>de</strong></span> <span class='ocrx_word' id='word_1_102' title='bbox 1095 2113 1203 2177; x_wconf 73' lang='lat' dir='ltr'><strong>Poeta</strong></span> <span class='ocrx_word' id='word_1_103' title='bbox 1218 2108 1357 2178; x_wconf 84' lang='lat' dir='ltr'><strong>Manilio</strong></span> 
     </span>
     <span class='ocr_line' id='line_1_16' title="bbox 273 2214 1357 2299; baseline 0.001 -22"><span class='ocrx_word' id='word_1_104' title='bbox 273 2214 373 2278; x_wconf 85' lang='lat' dir='ltr'><strong>fecit:</strong></span> <span class='ocrx_word' id='word_1_105' title='bbox 399 2214 556 2296; x_wconf 88' lang='lat' dir='ltr'><strong>quocirca</strong></span> <span class='ocrx_word' id='word_1_106' title='bbox 577 2215 736 2278; x_wconf 88' lang='lat' dir='ltr'><strong>mirantur</strong></span> <span class='ocrx_word' id='word_1_107' title='bbox 750 2215 898 2296; x_wconf 90' lang='lat' dir='ltr'><strong>quidam,</strong></span> <span class='ocrx_word' id='word_1_108' title='bbox 913 2235 972 2279; x_wconf 88' lang='lat' dir='ltr'><strong>cur</strong></span> <span class='ocrx_word' id='word_1_109' title='bbox 987 2216 1080 2280; x_wconf 91' lang='lat' dir='ltr'><strong>illum</strong></span> <span class='ocrx_word' id='word_1_110' title='bbox 1102 2215 1357 2299; x_wconf 71' lang='lat' dir='ltr'><strong>proterminant,</strong></span> 
     </span>
     <span class='ocr_line' id='line_1_17' title="bbox 274 2314 1358 2399; baseline 0.002 -22"><span class='ocrx_word' id='word_1_111' title='bbox 274 2315 447 2397; x_wconf 81' lang='lat' dir='ltr'><strong>praecipue</strong></span> <span class='ocrx_word' id='word_1_112' title='bbox 471 2334 547 2377; x_wconf 91' lang='lat' dir='ltr'><strong>cum</strong></span> <span class='ocrx_word' id='word_1_113' title='bbox 562 2315 603 2378; x_wconf 91' lang='lat' dir='ltr'><strong>de</strong></span> <span class='ocrx_word' id='word_1_114' title='bbox 617 2314 658 2378; x_wconf 90' lang='grc' dir='ltr'><strong>Τ.</strong></span> <span class='ocrx_word' id='word_1_115' title='bbox 673 2315 832 2379; x_wconf 83' lang='lat' dir='ltr'><strong>Lucretio</strong></span> <span class='ocrx_word' id='word_1_116' title='bbox 856 2324 892 2380; x_wconf 87' lang='lat' dir='ltr'><strong>et</strong></span> <span class='ocrx_word' id='word_1_117' title='bbox 909 2316 1047 2380; x_wconf 86' lang='lat' dir='ltr'><strong>AEmilio</strong></span> <span class='ocrx_word' id='word_1_118' title='bbox 1071 2315 1187 2379; x_wconf 85' lang='lat' dir='ltr'><strong>Macro</strong></span> <span class='ocrx_word' id='word_1_119' title='bbox 1197 2316 1358 2399; x_wconf 88' lang='lat' dir='ltr'><strong>judicium</strong></span> 
     </span>
     <span class='ocr_line' id='line_1_18' title="bbox 273 2414 1357 2501; baseline 0.001 -23"><span class='ocrx_word' id='word_1_120' title='bbox 273 2414 401 2480; x_wconf 87' lang='lat' dir='ltr'><strong>fecerit.</strong></span> <span class='ocrx_word' id='word_1_121' title='bbox 446 2415 600 2480; x_wconf 89' lang='lat' dir='ltr'><strong>Studium</strong></span> <span class='ocrx_word' id='word_1_122' title='bbox 610 2437 706 2480; x_wconf 87' lang='lat' dir='ltr'><strong>suum</strong></span> <span class='ocrx_word' id='word_1_123' title='bbox 718 2425 821 2501; x_wconf 91' lang='lat' dir='ltr'><strong>atque</strong></span> <span class='ocrx_word' id='word_1_124' title='bbox 836 2418 1031 2483; x_wconf 88' lang='lat' dir='ltr'><strong>industriam</strong></span> <span class='ocrx_word' id='word_1_125' title='bbox 1047 2416 1226 2482; x_wconf 79' lang='lat' dir='ltr'><strong>collocavit</strong></span> <span class='ocrx_word' id='word_1_126' title='bbox 1241 2417 1275 2480; x_wconf 89' lang='lat' dir='ltr'><strong>in</strong></span> <span class='ocrx_word' id='word_1_127' title='bbox 1289 2434 1357 2480; x_wconf 90' lang='lat' dir='ltr'><strong>ma·</strong></span> 
     </span>
     <span class='ocr_line' id='line_1_19' title="bbox 273 2515 1357 2602; baseline 0.004 -24"><span class='ocrx_word' id='word_1_128' title='bbox 273 2515 462 2579; x_wconf 90' lang='lat' dir='ltr'><strong>thematicis</strong></span> <span class='ocrx_word' id='word_1_129' title='bbox 478 2516 615 2595; x_wconf 90' lang='lat' dir='ltr'><strong>artibus,</strong></span> <span class='ocrx_word' id='word_1_130' title='bbox 628 2523 823 2600; x_wconf 88' lang='lat' dir='ltr'><strong>tantumque</strong></span> <span class='ocrx_word' id='word_1_131' title='bbox 846 2521 880 2583; x_wconf 90' lang='lat' dir='ltr'><strong>iu</strong></span> <span class='ocrx_word' id='word_1_132' title='bbox 904 2520 957 2584; x_wconf 88' lang='lat' dir='ltr'><strong>bis</strong></span> <span class='ocrx_word' id='word_1_133' title='bbox 977 2518 1128 2602; x_wconf 82' lang='lat' dir='ltr'><strong>profecit,</strong></span> <span class='ocrx_word' id='word_1_134' title='bbox 1144 2525 1179 2582; x_wconf 90' lang='lat' dir='ltr'><strong>ut</strong></span> <span class='ocrx_word' id='word_1_135' title='bbox 1192 2519 1357 2583; x_wconf 82' lang='lat' dir='ltr'><strong>maximas</strong></span> 
     </span>
     <span class='ocr_line' id='line_1_20' title="bbox 272 2615 1358 2703; baseline 0.006 -25"><span class='ocrx_word' id='word_1_136' title='bbox 272 2615 394 2697; x_wconf 87' lang='lat' dir='ltr'><strong>ingenii</strong></span> <span class='ocrx_word' id='word_1_137' title='bbox 407 2615 460 2679; x_wconf 85' lang='lat' dir='ltr'><strong>sni</strong></span> <span class='ocrx_word' id='word_1_138' title='bbox 473 2615 595 2680; x_wconf 84' lang='lat' dir='ltr'><strong>laudes</strong></span> <span class='ocrx_word' id='word_1_139' title='bbox 610 2618 730 2682; x_wconf 88' lang='lat' dir='ltr'><strong>tulerit.</strong></span> <span class='ocrx_word' id='word_1_140' title='bbox 752 2618 895 2702; x_wconf 85' lang='lat' dir='ltr'><strong>Scripsit</strong></span> <span class='ocrx_word' id='word_1_141' title='bbox 908 2620 1011 2683; x_wconf 92' lang='lat' dir='ltr'><strong>libros</strong></span> <span class='ocrx_word' id='word_1_142' title='bbox 1022 2621 1169 2703; x_wconf 89' lang='lat' dir='ltr'><strong>quinque</strong></span> <span class='ocrx_word' id='word_1_143' title='bbox 1184 2619 1227 2683; x_wconf 90' lang='lat' dir='ltr'><strong>de</strong></span> <span class='ocrx_word' id='word_1_144' title='bbox 1241 2619 1358 2684; x_wconf 83' lang='lat' dir='ltr'><strong>Astro-</strong></span> 
     </span>
     <span class='ocr_line' id='line_1_21' title="bbox 273 2715 1357 2802; baseline 0.006 -27"><span class='ocrx_word' id='word_1_145' title='bbox 273 2715 425 2791; x_wconf 89' lang='lat' dir='ltr'><strong>uomicis,</strong></span> <span class='ocrx_word' id='word_1_146' title='bbox 450 2716 594 2779; x_wconf 89' lang='lat' dir='ltr'><strong>carmine</strong></span> <span class='ocrx_word' id='word_1_147' title='bbox 621 2717 824 2793; x_wconf 86' lang='lat' dir='ltr'><strong>hexametro,</strong></span> <span class='ocrx_word' id='word_1_148' title='bbox 846 2720 881 2782; x_wconf 90' lang='lat' dir='ltr'><strong>in</strong></span> <span class='ocrx_word' id='word_1_149' title='bbox 903 2720 1027 2802; x_wconf 88' lang='lat' dir='ltr'><strong>quibus</strong></span> <span class='ocrx_word' id='word_1_150' title='bbox 1054 2738 1175 2800; x_wconf 77' lang='lat' dir='ltr'><strong>magna</strong></span> <span class='ocrx_word' id='word_1_151' title='bbox 1196 2738 1238 2782; x_wconf 84' lang='lat' dir='ltr'><strong>ex</strong></span> <span class='ocrx_word' id='word_1_152' title='bbox 1262 2726 1357 2801; x_wconf 87' lang='lat' dir='ltr'><strong>parte</strong></span> 
     </span>
     <span class='ocr_line' id='line_1_22' title="bbox 273 2813 1356 2902; baseline 0.003 -25"><span class='ocrx_word' id='word_1_153' title='bbox 273 2813 518 2898; x_wconf 88' lang='lat' dir='ltr'><strong>Hipparchum,</strong></span> <span class='ocrx_word' id='word_1_154' title='bbox 540 2816 731 2896; x_wconf 83' lang='lat' dir='ltr'><strong>Eudoxum,</strong></span> <span class='ocrx_word' id='word_1_155' title='bbox 759 2826 859 2902; x_wconf 89' lang='lat' dir='ltr'><strong>atque</strong></span> <span class='ocrx_word' id='word_1_156' title='bbox 880 2821 1022 2884; x_wconf 86' lang='lat' dir='ltr'><strong>Aratum</strong></span> <span class='ocrx_word' id='word_1_157' title='bbox 1047 2827 1180 2885; x_wconf 88' lang='lat' dir='ltr'><strong>secutus</strong></span> <span class='ocrx_word' id='word_1_158' title='bbox 1206 2819 1356 2885; x_wconf 79' lang='lat' dir='ltr'><strong>traditur.</strong></span> 
     </span>
     <span class='ocr_line' id='line_1_23' title="bbox 272 2913 1354 3002; baseline 0.005 -24"><span class='ocrx_word' id='word_1_159' title='bbox 272 2913 365 2979; x_wconf 87' lang='lat' dir='ltr'><strong>lderu</strong></span> <span class='ocrx_word' id='word_1_160' title='bbox 382 2915 543 2980; x_wconf 86' lang='lat' dir='ltr'><strong>Manilius</strong></span> <span class='ocrx_word' id='word_1_161' title='bbox 558 2937 594 2980; x_wconf 87' lang='lat' dir='ltr'><strong>se</strong></span> <span class='ocrx_word' id='word_1_162' title='bbox 618 2919 727 3001; x_wconf 90' lang='lat' dir='ltr'><strong>ipsum</strong></span> <span class='ocrx_word' id='word_1_163' title='bbox 750 2924 904 2998; x_wconf 84' lang='lat' dir='ltr'><strong>excusat,</strong></span> <span class='ocrx_word' id='word_1_164' title='bbox 918 2939 1036 3002; x_wconf 90' lang='lat' dir='ltr'><strong>parum</strong></span> <span class='ocrx_word' id='word_1_165' title='bbox 1052 2921 1117 2984; x_wconf 92' lang='lat' dir='ltr'><strong>sibi</strong></span> <span class='ocrx_word' id='word_1_166' title='bbox 1130 2921 1227 2984; x_wconf 89' lang='lat' dir='ltr'><strong>licere</strong></span> <span class='ocrx_word' id='word_1_167' title='bbox 1241 2919 1276 2983; x_wconf 90' lang='lat' dir='ltr'><strong>in</strong></span> <span class='ocrx_word' id='word_1_168' title='bbox 1291 2939 1354 2983; x_wconf 88' lang='lat' dir='ltr'><strong>suo</strong></span> 
     </span>
     <span class='ocr_line' id='line_1_24' title="bbox 272 3017 1356 3102; baseline 0.006 -24"><span class='ocrx_word' id='word_1_169' title='bbox 272 3017 412 3079; x_wconf 87' lang='lat' dir='ltr'><strong>carmine</strong></span> <span class='ocrx_word' id='word_1_170' title='bbox 429 3024 563 3099; x_wconf 87' lang='lat' dir='ltr'><strong>propter</strong></span> <span class='ocrx_word' id='word_1_171' title='bbox 578 3017 807 3084; x_wconf 88' lang='lat' dir='ltr'><strong>difficultatem</strong></span> <span class='ocrx_word' id='word_1_172' title='bbox 829 3023 942 3102; x_wconf 88' lang='lat' dir='ltr'><strong>operis</strong></span> <span class='ocrx_word' id='word_1_173' title='bbox 964 3022 1076 3086; x_wconf 91' lang='lat' dir='ltr'><strong>omnia</strong></span> <span class='ocrx_word' id='word_1_174' title='bbox 1098 3021 1210 3086; x_wconf 88' lang='lat' dir='ltr'><strong>verbis</strong></span> <span class='ocrx_word' id='word_1_175' title='bbox 1225 3021 1356 3084; x_wconf 83' lang='lat' dir='ltr'><strong>Latinis</strong></span> 
     </span>
     <span class='ocr_line' id='line_1_25' title="bbox 270 3117 1355 3203; baseline 0.007 -24"><span class='ocrx_word' id='word_1_176' title='bbox 270 3117 412 3200; x_wconf 87' lang='lat' dir='ltr'><strong>exequi:</strong></span> <span class='ocrx_word' id='word_1_177' title='bbox 433 3118 516 3181; x_wconf 90' lang='lat' dir='ltr'><strong>etin</strong></span> <span class='ocrx_word' id='word_1_178' title='bbox 538 3138 579 3183; x_wconf 89' lang='lat' dir='ltr'><strong>eo</strong></span> <span class='ocrx_word' id='word_1_179' title='bbox 600 3121 744 3184; x_wconf 83' lang='lat' dir='ltr'><strong>maxime</strong></span> <span class='ocrx_word' id='word_1_180' title='bbox 766 3122 928 3199; x_wconf 86' lang='lat' dir='ltr'><strong>laborare,</strong></span> <span class='ocrx_word' id='word_1_181' title='bbox 954 3128 991 3186; x_wconf 92' lang='lat' dir='ltr'><strong>nt</strong></span> <span class='ocrx_word' id='word_1_182' title='bbox 1013 3123 1118 3203; x_wconf 83' lang='lat' dir='ltr'><strong>magis</strong></span> <span class='ocrx_word' id='word_1_183' title='bbox 1138 3122 1298 3186; x_wconf 89' lang='lat' dir='ltr'><strong>instruere</strong></span> <span class='ocrx_word' id='word_1_184' title='bbox 1313 3142 1355 3187; x_wconf 89' lang='lat' dir='ltr'><strong>ac</strong></span> 
     </span>
     <span class='ocr_line' id='line_1_26' title="bbox 270 3215 1354 3309; baseline 0.007 -29"><span class='ocrx_word' id='word_1_185' title='bbox 270 3215 391 3280; x_wconf 89' lang='lat' dir='ltr'><strong>docere</strong></span> <span class='ocrx_word' id='word_1_186' title='bbox 403 3217 562 3296; x_wconf 84' lang='lat' dir='ltr'><strong>videatur,</strong></span> <span class='ocrx_word' id='word_1_187' title='bbox 578 3239 676 3302; x_wconf 88' lang='lat' dir='ltr'><strong>quam</strong></span> <span class='ocrx_word' id='word_1_188' title='bbox 692 3221 870 3301; x_wconf 87' lang='lat' dir='ltr'><strong>delectare,</strong></span> <span class='ocrx_word' id='word_1_189' title='bbox 887 3225 1045 3309; x_wconf 88' lang='lat' dir='ltr'><strong>quoniam</strong></span> <span class='ocrx_word' id='word_1_190' title='bbox 1060 3228 1071 3257; x_wconf 90' lang='lat'>‘</span> <span class='ocrx_word' id='word_1_191' title='bbox 1086 3224 1195 3287; x_wconf 86' lang='lat' dir='ltr'><strong>ornari</strong></span> <span class='ocrx_word' id='word_1_192' title='bbox 1209 3243 1261 3287; x_wconf 83' lang='lat' dir='ltr'><strong>res</strong></span> <span class='ocrx_word' id='word_1_193' title='bbox 1275 3224 1354 3305; x_wconf 89' lang='lat' dir='ltr'><strong>ipsa</strong></span> 
     </span>
     <span class='ocr_line' id='line_1_27' title="bbox 269 3320 1353 3408; baseline 0.007 -29"><span class='ocrx_word' id='word_1_194' title='bbox 269 3323 377 3398; x_wconf 80' lang='lat' dir='ltr'><strong>negat,</strong></span> <span class='ocrx_word' id='word_1_195' title='bbox 392 3326 550 3382; x_wconf 88' lang='lat' dir='ltr'><strong>contenta</strong></span> <span class='ocrx_word' id='word_1_196' title='bbox 563 3320 692 3385; x_wconf 60' lang='lat' dir='ltr'><strong>doceri?</strong></span> <span class='ocrx_word' id='word_1_197' title='bbox 736 3322 856 3406; x_wconf 92' lang='lat' dir='ltr'><strong>Neque</strong></span> <span class='ocrx_word' id='word_1_198' title='bbox 872 3325 1002 3402; x_wconf 87' lang='lat' dir='ltr'><strong>desunt,</strong></span> <span class='ocrx_word' id='word_1_199' title='bbox 1023 3325 1080 3408; x_wconf 91' lang='lat' dir='ltr'><strong>qui</strong></span> <span class='ocrx_word' id='word_1_200' title='bbox 1097 3325 1297 3402; x_wconf 88' lang='lat' dir='ltr'><strong>existiment,</strong></span> <span class='ocrx_word' id='word_1_201' title='bbox 1313 3322 1353 3387; x_wconf 84' lang='lat'><strong>0.</strong></span> 
     </span>
     <span class='ocr_line' id='line_1_28' title="bbox 268 3415 1353 3508; baseline 0.009 -28"><span class='ocrx_word' id='word_1_202' title='bbox 268 3415 415 3482; x_wconf 90' lang='lat' dir='ltr'><strong>Plinium</strong></span> <span class='ocrx_word' id='word_1_203' title='bbox 431 3419 473 3482; x_wconf 91' lang='lat' dir='ltr'><strong>de</strong></span> <span class='ocrx_word' id='word_1_204' title='bbox 486 3421 548 3485; x_wconf 91' lang='lat' dir='ltr'><strong>hoc</strong></span> <span class='ocrx_word' id='word_1_205' title='bbox 564 3419 641 3503; x_wconf 89' lang='lat' dir='ltr'><strong>ipso</strong></span> <span class='ocrx_word' id='word_1_206' title='bbox 651 3420 794 3486; x_wconf 86' lang='lat' dir='ltr'><strong>Manilio</strong></span> <span class='ocrx_word' id='word_1_207' title='bbox 809 3424 1025 3502; x_wconf 85' lang='lat' dir='ltr'><strong>intellexisse,</strong></span> <span class='ocrx_word' id='word_1_208' title='bbox 1040 3443 1108 3508; x_wconf 91' lang='lat' dir='ltr'><strong>quo</strong></span> <span class='ocrx_word' id='word_1_209' title='bbox 1123 3424 1201 3488; x_wconf 93' lang='lat' dir='ltr'><strong>loco</strong></span> <span class='ocrx_word' id='word_1_210' title='bbox 1217 3423 1258 3488; x_wconf 89' lang='lat' dir='ltr'><strong>de</strong></span> <span class='ocrx_word' id='word_1_211' title='bbox 1273 3427 1353 3490; x_wconf 88' lang='lat' dir='ltr'><strong>obe·</strong></span> 
     </span>
     <span class='ocr_line' id='line_1_29' title="bbox 268 3518 1353 3608; baseline 0.007 -27"><span class='ocrx_word' id='word_1_212' title='bbox 268 3518 366 3582; x_wconf 89' lang='lat' dir='ltr'><strong>liscis</strong></span> <span class='ocrx_word' id='word_1_213' title='bbox 382 3519 526 3584; x_wconf 87' lang='lat' dir='ltr'><strong>disserit.</strong></span> <span class='ocrx_word' id='word_1_214' title='bbox 570 3520 607 3585; x_wconf 85' lang='lat' dir='ltr'><strong>Is</strong></span> <span class='ocrx_word' id='word_1_215' title='bbox 627 3523 715 3586; x_wconf 89' lang='lat' dir='ltr'><strong>euim</strong></span> <span class='ocrx_word' id='word_1_216' title='bbox 730 3542 791 3587; x_wconf 93' lang='lat' dir='ltr'><strong>suo</strong></span> <span class='ocrx_word' id='word_1_217' title='bbox 805 3524 936 3606; x_wconf 81' lang='lat' dir='ltr'><strong>iugenio</strong></span> <span class='ocrx_word' id='word_1_218' title='bbox 950 3526 1051 3608; x_wconf 90' lang='lat' dir='ltr'><strong>pilam</strong></span> <span class='ocrx_word' id='word_1_219' title='bbox 1066 3529 1211 3599; x_wconf 85' lang='lat' dir='ltr'><strong>auratam</strong></span> <span class='ocrx_word' id='word_1_220' title='bbox 1225 3527 1260 3589; x_wconf 92' lang='lat' dir='ltr'><strong>in</strong></span> <span class='ocrx_word' id='word_1_221' title='bbox 1275 3527 1353 3589; x_wconf 84' lang='lat' dir='ltr'><strong>obe—</strong></span> 
     </span>
     <span class='ocr_line' id='line_1_30' title="bbox 268 3617 1350 3706; baseline 0.006 -24"><span class='ocrx_word' id='word_1_222' title='bbox 268 3620 344 3683; x_wconf 89' lang='lat' dir='ltr'><strong>lisci</strong></span> <span class='ocrx_word' id='word_1_223' title='bbox 365 3619 462 3702; x_wconf 89' lang='lat' dir='ltr'><strong>apice</strong></span> <span class='ocrx_word' id='word_1_224' title='bbox 486 3617 666 3702; x_wconf 88' lang='lat' dir='ltr'><strong>constituit,</strong></span> <span class='ocrx_word' id='word_1_225' title='bbox 689 3641 732 3686; x_wconf 85' lang='lat' dir='ltr'><strong>ex</strong></span> <span class='ocrx_word' id='word_1_226' title='bbox 752 3623 850 3706; x_wconf 90' lang='lat' dir='ltr'><strong>cujus</strong></span> <span class='ocrx_word' id='word_1_227' title='bbox 874 3627 990 3689; x_wconf 90' lang='lat' dir='ltr'><strong>umbra</strong></span> <span class='ocrx_word' id='word_1_228' title='bbox 1010 3624 1166 3690; x_wconf 88' lang='lat' dir='ltr'><strong>horarum</strong></span> <span class='ocrx_word' id='word_1_229' title='bbox 1188 3633 1350 3691; x_wconf 89' lang='lat' dir='ltr'><strong>momenta</strong></span> 
     </span>
     <span class='ocr_line' id='line_1_31' title="bbox 268 3723 1349 3808; baseline 0.009 -24"><span class='ocrx_word' id='word_1_230' title='bbox 268 3723 544 3788; x_wconf 84' lang='lat' dir='ltr'><strong>observarentur:</strong></span> <span class='ocrx_word' id='word_1_231' title='bbox 567 3744 636 3808; x_wconf 88' lang='lat' dir='ltr'><strong>qua</strong></span> <span class='ocrx_word' id='word_1_232' title='bbox 657 3725 691 3787; x_wconf 93' lang='lat' dir='ltr'><strong>in</strong></span> <span class='ocrx_word' id='word_1_233' title='bbox 711 3744 746 3788; x_wconf 93' lang='lat' dir='ltr'><strong>re</strong></span> <span class='ocrx_word' id='word_1_234' title='bbox 763 3727 945 3790; x_wconf 86' lang='lat' dir='ltr'><strong>maximam</strong></span> <span class='ocrx_word' id='word_1_235' title='bbox 958 3725 1278 3792; x_wconf 85' lang='lat' dir='ltr'><strong>commendationem</strong></span> <span class='ocrx_word' id='word_1_236' title='bbox 1294 3747 1349 3794; x_wconf 81' lang='lat' dir='ltr'><strong>ac·</strong></span> 
     </span>
     <span class='ocr_line' id='line_1_32' title="bbox 268 3824 1207 3910; baseline 0 -23"><span class='ocrx_word' id='word_1_237' title='bbox 268 3824 369 3904; x_wconf 88' lang='lat' dir='ltr'><strong>cepit.</strong></span> <span class='ocrx_word' id='word_1_238' title='bbox 412 3825 466 3889; x_wconf 89' lang='lat' dir='ltr'><strong>De</strong></span> <span class='ocrx_word' id='word_1_239' title='bbox 478 3825 570 3890; x_wconf 90' lang='lat' dir='ltr'><strong>obitu</strong></span> <span class='ocrx_word' id='word_1_240' title='bbox 585 3826 672 3890; x_wconf 89' lang='lat' dir='ltr'><strong>illius</strong></span> <span class='ocrx_word' id='word_1_241' title='bbox 686 3827 768 3892; x_wconf 88' lang='lat' dir='ltr'><strong>nibil</strong></span> <span class='ocrx_word' id='word_1_242' title='bbox 783 3847 805 3892; x_wconf 88' lang='lat' dir='ltr'><strong>e</strong></span> <span class='ocrx_word' id='word_1_243' title='bbox 818 3828 917 3893; x_wconf 91' lang='lat' dir='ltr'><strong>uobis</strong></span> <span class='ocrx_word' id='word_1_244' title='bbox 932 3835 1132 3910; x_wconf 90' lang='lat' dir='ltr'><strong>compertum</strong></span> <span class='ocrx_word' id='word_1_245' title='bbox 1146 3833 1207 3891; x_wconf 65' lang='lat' dir='ltr'><strong>est,</strong></span> 
     </span>
    </p>
   </div>
   <div class='ocr_carea' id='block_1_8' title="bbox 0 0 1538 4875">
    <p class='ocr_par' dir='ltr' id='par_1_8' title="bbox 0 0 1538 4875">
     <span class='ocr_line' id='line_1_33' title="bbox 0 0 1538 4875; baseline 0 4"><span class='ocrx_word' id='word_1_246' title='bbox 0 0 1538 4875; x_wconf 95' lang='lat' dir='ltr'><strong> </strong></span> 
     </span>
    </p>
   </div>
  </div>
 </body>
</html>
