3067 4875
598 396 638 445 nr.
660 395 830 447 usurum.
1203 386 1247 453 sl

171 539 293 615 ustum,
307 534 337 601 si
350 532 551 618 conjecturas
567 536 728 601 standum.
759 538 887 603 Plinius
901 539 1036 623 quidem
1046 540 1107 607 lib.
1120 556 1247 607 xxxv.

172 634 330 702 Manlium
345 634 561 719 Astrologire,
574 646 614 703 ιιι
639 639 698 715 sit,
720 638 923 704 conditorem
942 641 1102 721 celebrnt3
1123 649 1248 709 etcum

170 735 300 818 quidem
314 736 457 809 Romam
471 746 602 802 vectum
617 738 729 803 eadem
746 740 825 805 usui
839 759 914 805 curu
931 741 1043 807 Plotio
1057 752 1091 806 et
1103 743 1247 809 Teberio

171 836 270 901 Erote
298 837 534 903 Grammatico.
588 839 681 907 Idem
710 861 845 925 quoque
872 842 1004 909 Plinius
1028 844 1086 907 lib.
1106 858 1249 908 xxxvr.

171 936 326 1005 Manlium
345 939 617 1005 Mathematicum
633 942 692 1021 sit,
708 962 784 1007 cum
800 944 842 1007 de
856 943 999 1025 Augusti
1013 942 1181 1019 obelisco,
1192 945 1250 1028 qui

169 1039 202 1103 in
216 1058 336 1123 campo
352 1040 474 1107 stouo
494 1041 537 1105 ud
561 1042 853 1125 deprehendendus
866 1045 948 1109 solis
962 1046 1105 1122 umbras,
1121 1045 1249 1111 dierum

169 1142 380 1222 noctiumque
406 1142 659 1223 magnitudines,
681 1145 813 1227 positus
835 1152 913 1207 emt.
957 1145 1012 1208 Ex
1032 1146 1140 1227 ipsius
1154 1146 1250 1225 igitur

170 1238 286 1305 Manlii
310 1242 472 1325 principio
489 1241 644 1325 Augusto
660 1242 814 1325 Principe
832 1244 969 1309 florente
994 1245 1100 1310 fuisse
1125 1245 1251 1326 colligi·

169 1358 250 1405 mus.
274 1343 402 1409 Nolunt
416 1344 541 1427 qnippe
556 1344 658 1410 ulium
675 1345 817 1427 intelligi
832 1345 960 1420 emditi,
973 1345 1252 1429 uisiAugnstum,

169 1438 219 1505 bis
234 1445 385 1509 versibus
398 1446 455 1509 lib.
474 1462 497 1509 ι.

250 1543 318 1622 Τιι,
333 1546 427 1623 mibi,
442 1553 490 1621 ιιι,
506 1544 632 1624 (leesor,
647 1548 762 1629 patriae
778 1546 1002 1629 princepsque
1016 1556 1187 1631 putetque,

251 1645 322 1723 Qui
336 1648 421 1728 regis
437 1645 598 1729 Augustis
612 1655 781 1731 parentem
794 1648 927 1730 legibus
940 1650 1064 1724 orbem,

251 1746 525 1830 Concessumqne
538 1750 625 1832 petri
640 1748 806 1813 Mundum
822 1748 918 1814 Deus
932 1749 1009 1833 ipse
1026 1748 1169 1812 mereris.

169 1848 252 1913 Item
268 1850 305 1913 iu
320 1848 384 1913 fine
403 1849 462 1913 lib.
479 1866 530 1911 rv.

252 1951 311 2017 Ne
326 1950 458 2016 dubites
474 1950 596 2015 bomini
611 1951 742 2015 divinos
757 1952 891 2015 credere
907 1950 1011 2029 visus,

248 2052 330 2117 Jom
345 2052 427 2116 fecit
441 2053 513 2134 ipse
529 2052 632 2128 Deos,
647 2052 815 2135 mittitque
830 2051 873 2115 ad
891 2050 999 2115 sideru
1014 2068 1146 2126 numen,

249 2153 367 2236 Majos
382 2160 419 2216 et
432 2152 586 2234 Augusto
605 2154 725 2219 crescit
740 2154 803 2217 sub
818 2154 966 2236 principe
980 2151 1117 2217 coelum.

207 2253 365 2319 Mortuus
384 2273 462 2317 vero
487 2253 615 2318 videtur
629 2253 780 2321 Manlius
794 2253 950 2335 Augusto
970 2252 1078 2317 adbuc
1098 2252 1251 2318 vivente:

166 2372 240 2419 naus
270 2374 348 2419 cum
378 2356 419 2419 de
447 2354 581 2420 Tiberio
611 2357 772 2432 meminit,
800 2355 858 2438 qui
887 2352 1043 2420 Rhodum
1071 2352 1252 2433 navigavit,

166 2458 225 2533 sit,
1158 2492 1161 2497 <

206 2555 265 2636 Es,
282 2555 433 2633 Rhodos,
448 2558 628 2639 hospitium
644 2559 763 2622 recturi
779 2557 939 2640 principis
955 2556 1087 2623 Orbem.
1112 2553 1186 2618 Lib.
1199 2568 1251 2618 ιιι.

164 2655 248 2722 Illuc
273 2657 365 2722 euius
377 2657 522 2723 viteudse
537 2659 668 2742 injuriae
683 2679 787 2724 cussa
808 2659 978 2741 proiectus
999 2664 1069 2720 erut
1089 2654 1252 2730 Tiberius,

164 2762 199 2821 ut
211 2758 333 2823 scribit
348 2759 537 2823 Suetonius.

205 2857 448 2943 Imperfectum
477 2877 613 2944 quoque
647 2881 733 2945 opus
761 2881 857 2926 suurn
887 2859 1060 2942 reliquisse
1089 2855 1253 2921 Manlium

162 2967 239 3025 suut
256 2961 318 3044 qui
334 2965 463 3042 putent,
478 2980 553 3025 cnm
567 2962 608 3026 dc
632 2970 755 3046 septem
776 2962 918 3046 planetis
939 2957 1085 3024 nonnihil
1099 2957 1256 3022 memine-

161 3062 213 3137 rit,
237 3066 273 3126 et
299 3061 339 3125 de
364 3060 417 3126 bis
441 3081 520 3127 mox
545 3063 645 3146 plene
666 3083 732 3128 uon
756 3070 808 3129 est
833 3065 1004 3126 executus.
1049 3058 1163 3122 Latuit
1177 3077 1254 3125 vero

161 3161 226 3227 boc
240 3163 356 3246 ipsum
371 3159 411 3224 C.
422 3161 546 3258 Manlii
558 3184 643 3248 opus
659 3186 718 3248 per
730 3164 835 3229 mults
850 3162 985 3228 saeculs.
1021 3159 1155 3224 Primus
1166 3159 1255 3224 enim

161 3262 315 3346 Poggius
327 3280 405 3326 euru
420 3263 495 3327 sliis
516 3264 621 3342 libris,
635 3274 674 3330 ut
688 3266 797 3341 scitis,
817 3265 852 3328 iu
867 3263 1003 3328 ltslism
1018 3260 1142 3337 attulit,
1164 3258 1256 3324 Mer·
1342 3311 1346 3318 .
1427 3265 1438 3282 ·

160 3363 220 3428 tini
235 3380 270 3426 ι’.
283 3362 410 3426 Pontis·
421 3365 558 3429 maximi
572 3373 731 3449 ternpore.
773 3364 942 3432 Antonius
958 3381 1037 3429 vero
1053 3361 1256 3435 Panormita,

161 3465 212 3529 rir
234 3471 277 3529 ut
305 3483 347 3528 en
376 3473 525 3547 tempore
553 3467 653 3532 tulere
673 3468 828 3554 inprimis
852 3461 983 3543 doctus,
1003 3465 1038 3528 in
1061 3461 1255 3528 cassinensi

159 3563 371 3630 bibliotheca
385 3583 461 3630 cum
478 3565 616 3633 alterum
631 3571 807 3653 reperisset
825 3575 999 3642 vdustum,
1014 3584 1120 3630 eausa
1141 3563 1204 3629 suit
1218 3572 1256 3626 nt

160 3665 362 3748 oustigutius
386 3671 418 3730 et
440 3667 619 3749 perfectius
632 3671 780 3736 nonnihil
801 3669 885 3735 illud
899 3669 1104 3738 hubemmus
1118 3673 1156 3730 ut
1168 3664 1256 3730 idem
1392 3674 1399 3686 ·

160 3769 284 3832 scribit
306 3765 509 3842 inurentium,
523 3769 583 3850 qui
597 3778 634 3834 st
648 3769 886 3836 commentaris
898 3771 933 3836 iu
948 3768 1029 3832 illud
1047 3765 1161 3840 edidit,
1184 3764 1256 3844 qui·

161 3889 228 3954 que
245 3869 290 3932 de
306 3868 369 3931 boc
385 3865 494 3932 Polite
509 3870 613 3936 multe
628 3872 681 3936 vel
697 3879 905 3940 commentus
920 3884 975 3938 est
989 3871 1071 3952 ipse,
1093 3864 1145 3928 vel
1167 3865 1257 3926 issant

161 3979 252 4036 ωηο
278 3968 405 4034 ductus
428 3969 624 4052 conjectura
649 3975 807 4058 scripsit;
829 3993 906 4038 cum
936 3989 1048 4058 eornm
1077 3973 1257 4048 temporum

163 4073 348 4154 scriptores
379 4069 451 4150 ejus
477 4089 517 4134 ue
543 4073 713 4140 minimam
738 4075 868 4159 quidem
893 4071 1089 4141 mentionem
1111 4064 1257 4144 iecerint,

163 4181 285 4256 prester
299 4190 400 4236 unum
416 4171 573 4252 Plinium,
589 4176 618 4240 si
635 4176 732 4242 modo
749 4175 910 4254 Manlius,
925 4171 1026 4255 cnjus
1046 4170 1122 4252 ipse
1143 4171 1257 4234 merui·
