3067 4875
499 354 789 404 ASTRONOMIOON
818 357 888 403 titt.
912 357 936 403 l.

176 498 321 581 Quoque
336 504 564 581 regutterreua
577 498 648 562 sois
661 498 820 561 ouimnlin
836 500 943 581 siguis

175 599 330 677 Cernere,
343 608 377 664 et
391 601 424 664 in
440 618 617 675 ιιιιιιιιιιιιιι,
635 599 764 663 Phoebo
779 600 980 676 modulante,
996 600 1123 665 referre.

177 702 262 766 Bina
277 703 356 765 mihi
372 704 494 787 positis
508 701 751 769 lucentulterie
765 702 929 766 demmin:
1219 700 1263 765 20

178 802 230 893 Ad
246 801 315 866 duo
331 802 453 886 templa
469 820 599 884 precor,
613 800 739 884 duplici
750 803 971 868 circumdatus
983 812 1080 883 testu,

177 902 344 968 Carminis
359 910 393 967 et
407 923 529 967 rerum:
556 913 645 967 certo
660 922 735 967 curn
750 904 823 987 lege
838 914 1009 969 canentem

178 1087 236 1135 itlrd
245 1088 332 1137 madet
341 1094 365 1137 et
375 1088 472 1151 effingat
482 1086 508 1135 iss
518 1086 568 1136 suis
577 1086 708 1145 sideritim
718 1091 742 1136 er
751 1088 862 1137 redirem
870 1090 1037 1139 musicis
1046 1089 1262 1139 murronis·

176 1166 240 1213 rem,
256 1152 366 1215 Apolline
381 1152 522 1201 muriante.
555 1152 617 1201 Dua
635 1166 684 1201 ora
699 1152 810 1202 emittunt
822 1154 880 1203 nili
889 1156 963 1204 ιιειιι
972 1156 1067 1217 ignita
1077 1156 1262 1218 repro-peritisr

630 1292 765 1315 000000000
767 1293 813 1316 m

179 1410 244 1460 uersi
257 1410 533 1461 roeurur.’⁸roeb.-rs
543 1412 606 1461 Msr.
617 1410 672 1461 l'ere
682 1426 768 1463 omnes
778 1428 873 1477 quoqu
880 1433 888 1463 :
895 1412 1041 1463 emendavit
1048 1414 1148 1463 scatet
1155 1414 1191 1464 sic
1198 1415 1265 1477 vulg

179 1476 276 1539 Quaque
286 1481 357 1537 reget
365 1481 520 1539 generetque:
537 1478 545 1503 ⁸
557 1490 606 1525 nou
619 1477 687 1526 enim
698 1493 750 1541 prroe
759 1479 879 1527 animulis
897 1480 961 1542 regit
979 1478 1106 1527 Zodiscus
1116 1481 1170 1528 vult
1180 1479 1262 1527 scire:

178 1542 247 1603 regit
264 1542 359 1595 omnis.
378 1540 423 1590 sed
435 1554 481 1603 pun
492 1540 577 1603 regit!
589 1542 683 1605 Delph.
693 1542 798 1605 Quaque
809 1549 884 1606 teget,
900 1548 909 1571 ⁴
921 1543 938 1591 i.
951 1558 975 1592 e.
986 1543 1062 1592 modo
1071 1543 1176 1606 condet,
1188 1544 1264 1592 modo

179 1604 316 1667 producut,
335 1611 362 1654 et
384 1605 563 1668 spectantibus
580 1604 718 1657 osteudst.'
752 1608 874 1657 Nostrum
896 1608 1033 1657 lectionem
1049 1606 1164 1657 defendit
1185 1609 1263 1657 Beut.
1316 1607 1321 1620 ’

176 1668 291 1731 ‘luente
303 1675 331 1719 et
341 1682 463 1732 perverso
472 1670 562 1719 ordine
574 1671 690 1729 veniunt,
700 1677 770 1733 regar
778 1678 932 1736 generetque·
945 1670 1018 1748 qussi
1027 1672 1097 1734 prius
1108 1677 1199 1734 regeres
1211 1674 1264 1719 eni·

162 1730 167 1741 '
178 1732 363 1795 melie,deiude
372 1739 505 1795 resumet.
522 1734 717 1785 Norenses*
728 1738 809 1786 Ducit
817 1738 848 1787 sb
856 1738 973 1787 ethereis
982 1744 1083 1785 terreus
1091 1737 1265 1799 enimultesig·

178 1797 234 1847 nis!
251 1798 279 1847 si
291 1798 390 1847 mlrsris
401 1806 428 1847 et
440 1800 610 1861 obstupescis,
618 1804 711 1849 terrena
722 1802 837 1861 potuisse
849 1802 974 1850 demotsri
986 1800 1012 1849 iu
1021 1806 1160 1863 generetque
1165 1816 1174 1858 ,·
1187 1814 1265 1862 perge

177 1860 289 1912 modoirr
301 1862 341 1911 lris
352 1862 425 1912 libris
454 1862 608 1926 elegendis,
626 1872 652 1913 et
670 1863 822 1913 i'oedioribus
839 1866 939 1915 utendis
956 1864 1101 1929 impliestus
1116 1864 1204 1915 mirari
1221 1864 1266 1914 de·

179 1926 266 1975 siries!
275 1928 348 1976 Brut.
374 1876 463 1977 Stoeli.
474 1937 560 1976 eutem
570 1932 711 1993 generetque
720 1931 822 1979 omuino
834 1929 993 1979 retinendum
1004 1930 1134 1979 selu—22
1144 1932 1152 1958 ⁸
1162 1929 1268 1978 Vetustl

177 2004 265 2040 omues
276 2006 330 2040 eum
338 1993 406 2051 leger
421 1992 495 2055 psuci
515 2005 549 2039 ex
567 1991 671 2041 novitiis
687 1999 750 2042 tum:
773 1995 840 2059 quod
857 1994 1016 2058 scaligerum
1032 1993 1165 2043 admisisse
1180 1993 1265 2043 doleo.

177 2056 306 2106 Quorsum
318 2057 385 2105 enirn
396 2062 456 2108 tum.
467 2056 517 2104 elio
528 2057 627 2106 seilicet
639 2067 765 2120 tempore,
775 2060 889 2120 eumjum
907 2060 988 2123 uenit,
998 2066 1025 2107 et
1036 2060 1144 2107 muudus
1152 2058 1206 2120 jum
1217 2058 1266 2105 cir-

179 2120 350 2183 cumstrepit?
365 2122 425 2183 lege
436 2120 525 2184 igitur,
535 2127 600 2170 certa
611 2136 663 2170 rum
673 2122 724 2183 lege
735 2129 862 2172 canentem.
879 2124 922 2173 nbi
933 2138 985 2172 ress
996 2123 1145 2187 prepositio
1156 2130 1206 2182 est,
1216 2136 1268 2171 nou

179 2184 339 2247 conjunctio.
371 2184 456 2246 lage:
470 2186 517 2234 troc
537 2194 586 2247 est,
601 2196 693 2245 metro,
711 2186 770 2250 loge
784 2188 912 2237 carminis.
943 2188 986 2237 Sic
997 2188 1121 2237 Hnrstios
1132 2188 1216 2236 Germ.
1228 2200 1267 2235 rs.

179 2252 204 2297 2.
222 2253 262 2299 ro.
294 2250 379 2315 ‘Seu
392 2262 440 2313 per
457 2249 568 2300 seduces
583 2265 650 2301 nove
668 2251 845 2315 dithyrambos
861 2250 950 2303 Verbo
964 2251 1089 2315 devolvit,
1105 2252 1268 2314 numerisque
1370 2248 1374 2253 ’

673 2412 780 2464 ΝΟΤΕ

180 2517 222 2559 tus
249 2509 383 2572 precipue
411 2508 562 2572 prevideat.
607 2507 707 2558 Alludit
776 2514 809 2560 to
825 2509 997 2576 insumerem]
1019 2509 1269 2559 lumeusnrumcsr·

182 2585 364 2636 suteruPoe'ts
384 2585 416 2635 sd
436 2587 582 2650 aruspicum
601 2599 707 2649 morem,
745 2586 828 2636 minis.
860 2587 929 2640 Quis
938 2589 1006 2637 enim
1022 2601 1126 2637 carmen
1138 2593 1269 2645 coutetur,

181 2664 224 2728 qui
242 2663 372 2712 ricrirnem
390 2662 545 2724 immolatum
563 2662 588 2711 in
607 2677 653 2712 urs
669 2663 706 2711 in·
744 2664 826 2714 ornnis
837 2671 922 2715 eutem
934 2673 1076 2714 concentus
1085 2662 1198 2712 numeris
1208 2676 1269 2711 coo·

181 2739 304 2802 spiciunt,
314 2746 342 2788 ιι
357 2753 391 2788 ex
410 2739 466 2802 ejus
482 2739 549 2788 extis
564 2737 706 2788 t'rrtursrum
744 2745 808 2800 stet,
839 2737 991 2803 frequenter
1013 2753 1125 2788 sueres
1151 2745 1196 2787 snt
1222 2751 1270 2799 pro

182 2828 266 2862 rerum
277 2827 351 2862 cesus
366 2813 466 2862 dicunt.
490 2811 569 2863 Orid.
579 2812 646 2862 Met.
660 2825 708 2861 xv.
745 2816 867 2870 csrmiue,
877 2823 924 2864 sut
934 2816 1020 2878 potios
1039 2830 1085 2878 pro
1100 2813 1201 2863 rstloue
1212 2813 1270 2861 trer-

185 2893 238 2940 led.
260 2890 401 2938 ‘Protinus
417 2898 523 2953 ereptus
538 2889 636 2938 virenti
650 2902 706 2938 cor·
746 2891 847 2939 monins
872 2897 1020 2953 usurpetur.
1052 2889 1124 2950 virg.
1145 2888 1202 2937 Ecl.
1228 2899 1270 2936 rx.

183 2977 246 3027 pore
266 2962 345 3013 fibrss
367 2963 520 3028 inspiciunt,
545 2974 707 3028 mentemque
745 2970 786 3016 ιι.
808 2965 954 3015 ‘Numeros
973 2965 1086 3027 memini,
1104 2964 1127 3014 si
1144 2963 1272 3014 verbote-

182 3032 266 3089 neum
284 3047 431 3090 scrutentur
446 3039 473 3088 iu
492 3038 557 3090 illis.’
587 3039 631 3089 Sic
650 3039 708 3089 Μι-
746 3041 856 3092 nerent!
898 3042 983 3106 Igitur
1005 3041 1102 3092 reterre
1124 3040 1221 3105 aliquid
1244 3039 1270 3089 in

185 3115 229 3164 nil.
249 3129 293 3168 ιιι.
317 3120 359 3165 dl.
376 3116 409 3166 de
437 3116 468 3165 iis
493 3115 708 3178 siguidxzodiecl:
747 3130 890 3176 numerum,
901 3123 943 3164 est
959 3116 1022 3165 illud
1036 3115 1160 3172 csrmine.
1169 3128 1214 3164 seu
1226 3129 1273 3163 nu·

185 3192 267 3244 ‘eroe
278 3192 351 3258 qussi
366 3207 412 3256 per
422 3191 531 3249 medium
542 3191 629 3243 mnndi
642 3206 709 3254 pree·
747 3203 846 3240 meroes
857 3190 993 3240 verborum
1003 3204 1123 3241 mensure
1132 3190 1230 3239 dicere.

184 3267 273 3318 cordis
289 3277 391 3332 purtem
407 3267 539 3332 otsporua
555 3267 710 3322 obtineant:
781 3265 880 3330 Plebs]
914 3265 1045 3328 Apolline.
1086 3264 1181 3329 Apollo
1205 3263 1272 3316 enirn

184 3347 232 3394 &c-
266 3345 299 3394 Et
310 3341 378 3394 infru
389 3357 426 3393 rs.
437 3348 494 3396 tot.
518 3344 559 3393 ‘E
574 3342 667 3408 quibus
681 3350 710 3392 ιι
747 3342 888 3392 eminet
906 3343 950 3392 Sel
964 3342 1062 3393 dicitnr
1078 3357 1136 3393 cnm
1152 3357 1199 3406 pro
1210 3343 1273 3393 loeis

184 3421 250 3468 rstio
261 3417 373 3470 futurum
384 3419 488 3470 ducitur
498 3417 598 3469 omnis.’
748 3428 866 3479 auctore,
880 3429 924 3470 ιιιι
942 3435 987 3483 pro
1003 3421 1121 3471 csrmiuis
1138 3429 1273 3484 repertore

217 3497 248 3544 to
265 3493 418 3560 ιῖιέιάειίι]
429 3495 495 3547 Quae
506 3494 640 3544 duodecim
651 3503 711 3546 suut
750 3505 888 3559 istumque
910 3496 1020 3558 preside
1041 3496 1159 3546 sumitur.
1190 3497 1274 3549 Φοῖβιι

186 3579 308 3620 contente
325 3571 374 3622 lton
390 3572 519 3622 disticho:
537 3571 616 3622 ‘Sunt
635 3572 711 3632 eries,
749 3573 817 3621 euim
828 3569 956 3634 significet
967 3571 1077 3621 lucidum
1086 3579 1114 3621 st
1125 3571 1274 3632 reticioum,

186 3654 285 3708 teurrrs,
313 3647 418 3712 gemini,
438 3662 544 3709 csueer,
559 3649 609 3705 leo,
631 3649 712 3712 virgo,
749 3647 823 3712 qussi
835 3649 884 3709 pos
892 3646 956 3708 βῶν,
965 3647 1021 3697 Lux
1036 3647 1104 3697 rite.
1137 3647 1194 3696 Lus
1203 3660 1273 3694 usm-

185 3723 323 3788 Librsqne.
345 3723 469 3786 scorpius.
490 3725 646 3780 arcitenens,
669 3739 711 3774 re·
750 3737 800 3787 que
812 3723 943 3772 solisrere
959 3730 999 3772 ιιι
1010 3722 1072 3775 rite.
1105 3723 1173 3772 Dum
1188 3726 1275 3770 ιιιιιιιι

185 3813 239 3862 per,
249 3799 384 3864 emplrors,
394 3799 496 3865 pisces!
529 3801 656 3851 Dicuntur
667 3815 712 3850 ιιι-
749 3798 846 3862 Apollo
859 3808 972 3849 ruentem
983 3798 1081 3849 retibus
1092 3798 1211 3860 inspiret,
1220 3798 1275 3847 sni·

186 3883 237 3926 tem
247 3877 713 3944 sigesillssiders,quisspeciessst
750 3875 898 3926 missorum
917 3877 999 3925 lucem
1014 3873 1098 3925 effert.
1133 3872 1206 3934 virg.
1216 3871 1274 3922 AEu.

186 3953 280 4018 figures
303 3955 448 4004 suimslinru
474 3955 642 4019 quorundum,
668 3961 713 4004 sut
751 3964 791 4000 vr.
812 3955 851 4000 1⁴2.
872 3951 1010 4014 ‘Magnum
1031 3949 1073 4000 cui
1088 3954 1201 3998 ruentem
1219 3948 1273 3997 soi·

188 4045 269 4082 rerum
288 4033 396 4081 alierum
414 4029 508 4080 ret'erre
528 4028 658 4080 tinxerunt
669 4044 713 4080 re·
750 4039 870 4090 mumque
888 4026 979 4076 Delius
996 4024 1199 4088 inspirantes,
1213 4037 1276 4088 spe·

190 4112 262 4162 teres,
273 4121 325 4171 quo
335 4120 412 4155 ssnsrr
427 4106 572 4169 simulacre,
582 4105 715 4170 imsgines,
752 4102 839 4166 ritque
848 4099 952 4150 futore!

190 4181 538 4242 etsteturedieoutorsinu.
784 4183 815 4230 ιι
833 4175 916 4239 AErtsr]
942 4175 1031 4228 Animi
1051 4175 1226 4240 dubitatione,
1245 4189 1276 4225 se
