3067 4875
681 795 735 853 DE

298 1142 303 1147 ,
437 1058 652 1135 MARCI
707 1059 981 1138 MANlLll

610 1319 792 1407 VITA.

555 1617 848 1631 ——m

166 1789 348 1879 Manena
363 1816 575 1892 Minurus,
586 1817 779 1881 excellentis
789 1818 910 1900 ingenii
923 1817 1043 1895 Polite,
1053 1838 1113 1883 uec
1123 1822 1249 1886 matbe-

164 1916 360 1979 maticorum
375 1917 553 1999 imperitus,
569 1936 634 1999 quo
654 1935 740 1982 auno
755 1924 854 1983 natus
874 1919 931 1995 sit,
946 1920 1064 2002 quisve
1078 1920 1185 1997 luerit,
1199 1923 1249 1985 iu-

165 2022 292 2079 certnm
307 2022 367 2080 est.
402 2016 523 2099 Neque
538 2017 624 2081 euim
638 2017 792 2095 Ovidius,
803 2020 860 2103 qni
875 2038 989 2083 omues
1004 2022 1152 2103 equales
1166 2040 1247 2087 suos

164 2113 289 2179 Poeas
309 2123 472 2181 recenset:
493 2136 598 2201 noque
624 2119 710 2183 ullus
730 2127 891 2197 veterum,
915 2138 1027 2183 eorum
1049 2122 1165 2185 saltem
1188 2123 1248 2206 qui

164 2220 288 2291 extant,
303 2217 393 2281 illius
408 2218 630 2285 meminerunt.
666 2270 669 2279 .

206 2313 326 2380 Petrus
358 2316 513 2395 Crinitus,
544 2319 602 2403 qui
629 2340 684 2383 an.
709 2336 817 2383 nuru.
844 2320 1046 2401 singulorum
1071 2321 1247 2402 poctarum

163 2416 262 2492 ritas,
290 2417 392 2496 lacta,
416 2426 449 2483 et
473 2439 576 2503 opera
602 2419 740 2502 singulis
765 2420 935 2503 capitibus
961 2425 1159 2502 prosecutus
1184 2427 1246 2501 est,

163 2535 239 2580 cum
261 2518 343 2582 nihil
367 2521 450 2585 certi
473 2521 515 2584 de
536 2519 678 2585 Manilio
694 2520 808 2586 afferre
825 2526 950 2604 posset,
966 2521 1029 2585 hoc
1044 2528 1166 2598 tamen,
1181 2540 1247 2604 qno

158 2615 285 2697 justum
300 2627 401 2702 capnt
415 2619 622 2702 adimpleret,
635 2622 669 2684 in
685 2622 773 2685 illius
786 2620 921 2684 laudem
935 2622 1144 2704 conscripsit.

204 2721 215 2750 ‘
231 2717 371 2783 Marcus
388 2719 529 2785 Mallius
549 2739 593 2783 ex
613 2720 734 2785 illustri
747 2721 877 2784 familia
891 2727 990 2784 natus
1004 2721 1164 2785 creditur:
1187 2722 1247 2786 iis·

29 2811 30 2816 ’
161 2820 234 2883 dem
260 2821 461 2902 temporibus
485 2823 517 2885 in
542 2821 631 2886 Urbe
654 2821 780 2898 clnmit,
802 2821 924 2903 quibus
945 2821 1054 2884 Divus
1069 2819 1245 2902 Augustus

160 2920 342 3002 Imperium
362 2920 524 2994 Romame
540 2921 641 2989 Urbis
660 2921 852 2985 felicissime
874 2921 1080 3002 gubernavit.
1126 2920 1245 3004 Neque

158 3021 377 3084 dubitandum
401 3029 451 3085 est
475 3023 581 3086 luisse
604 3022 696 3087 illum
723 3028 817 3086 tauto
840 3021 988 3104 Principi
1012 3022 1247 3103 gmtissimum,

157 3129 293 3206 propter
306 3123 469 3204 egregiam
485 3123 732 3204 disciplinarum
750 3123 982 3204 cognitionem,
998 3128 1031 3184 et
1050 3123 1167 3202 ingenii
1183 3141 1244 3185 ex-

158 3223 359 3288 cellentiam.
415 3222 542 3288 Fabius
572 3219 797 3301 Quintilianus
825 3222 949 3285 nullam
979 3222 1171 3291 mentionem
1201 3222 1245 3286 de

158 3323 271 3388 Poeta
296 3323 416 3389 Mallio
442 3324 542 3388 lacit:
565 3324 723 3407 quocirca
744 3324 901 3388 mirantur
924 3321 1059 3404 quidam
1076 3321 1243 3386 curillnm

157 3425 415 3506 praetermiserit,
442 3425 613 3508 praecipue
637 3443 713 3487 cum
739 3424 781 3487 de
802 3420 845 3486 Τ.
860 3423 1027 3498 Lucretio,
1048 3431 1083 3486 et
1106 3423 1244 3489 AEmilio

158 3524 278 3588 Macro
295 3523 457 3606 judicium
480 3525 604 3588 lecerit.
647 3523 800 3588 Studium
815 3543 912 3587 suum
927 3530 1026 3604 atqua
1045 3521 1243 3587 industriam

157 3624 340 3688 collocavit
353 3625 385 3686 in
400 3624 640 3688 mathematicis
656 3625 796 3700 artibus,
812 3631 1002 3706 tentumque
1018 3623 1049 3685 in
1069 3622 1121 3685 his
1136 3625 1244 3706 profe·

157 3726 215 3800 cit,
228 3723 446 3788 utmaximas
466 3724 592 3804 ingenii
615 3724 668 3788 sui
689 3723 806 3788 laudes
820 3723 938 3787 tulerit.
983 3723 1126 3805 Scripsit
1139 3725 1242 3786 libros

157 3824 302 3906 quinque
327 3822 369 3885 de
392 3822 645 3900 Astronomicis,
670 3824 814 3887 carmine
839 3823 1041 3902 hexametro,
1062 3823 1096 3884 in
1120 3823 1242 3905 quibus

156 3940 276 4003 magua
305 3940 349 3985 ex
375 3927 469 4002 parte
493 3921 737 4004 Hipparchum,
761 3921 948 4000 Eudoxum,
975 3929 1076 4004 atque
1102 3919 1241 3984 Aratum

157 4027 290 4085 secatus
312 4021 462 4086 traditur.
507 4020 600 4086 Idem
628 4022 766 4086 Mallius
787 4023 933 4104 seipsum
959 4025 1100 4084 excusat
1122 4039 1240 4104 parum

156 4122 216 4184 sibi
244 4123 345 4188 licere
372 4123 406 4184 in
434 4140 496 4184 suo
524 4123 675 4201 carmine,
705 4129 836 4206 propler
865 4121 1091 4186 difficultatem
1118 4121 1241 4204 operis,
