3067 4875
236 368 280 433 12
684 383 879 433 rusentio

283 526 336 589 De
352 530 449 590 seinte
465 525 601 589 Codicis
613 526 802 608 Lipsiensis
815 526 867 592 Cl.
880 526 1112 593 Vierscbrotus
1123 528 1205 593 nibil
1216 529 1319 605 alind,

164 622 169 635 “
239 627 329 709 quod
343 627 456 705 rideo,
471 628 631 709 scriptum
645 629 788 712 reliquit,
804 629 871 692 nisi
884 629 975 712 quod
988 630 1090 694 ‘solio
1106 633 1229 695 minore
1244 632 1321 694 niti·

239 728 377 794 dissime
401 729 543 813 scriptus
564 730 662 795 rubro
687 730 809 807 colore,
824 729 938 794 literne
951 731 1098 795 unciales
1112 731 1211 795 hebet
1224 731 1320 795 initio

239 848 392 895 versuum
415 850 435 895 a
457 831 601 895 secunda
621 850 722 895 mann
744 830 911 913 appictes,
926 831 1016 912 quod
1036 836 1127 914 patet
1140 850 1185 894 ex
1198 850 1323 915 eppen-

239 929 452 995 dicemur.
481 933 539 1007 ‚obi
560 950 620 1015 per
649 931 822 995 dimidium
849 933 983 1013 pagine
1009 932 1152 996 initiales
1181 932 1321 996 desunt!

239 1032 411 1097 Bentloius
436 1053 510 1096 eum
532 1031 768 1098 Gemblocensi
788 1052 856 1097 uno
881 1032 962 1097 fecit
985 1052 1071 1097 anuo
1092 1034 1321 1110 recentiorem,

238 1133 322 1199 odeo
347 1141 385 1197 ut
406 1153 511 1199 annos
531 1134 589 1199 ille
611 1139 721 1217 egeret
743 1150 824 1197 nco.
848 1132 1020 1216 Quicquid
1035 1134 1090 1213 sit,
1105 1133 1261 1217 equidem
1276 1149 1323 1197 ex

237 1234 415 1299 luculentis
443 1236 577 1299 indiciis
602 1236 782 1317 collegisse
809 1234 890 1298 mibi
918 1234 1045 1312 videor,
1070 1254 1145 1297 eum
1172 1254 1193 1297 e
1219 1254 1321 1299 manu

237 1336 370 1399 minimo
395 1337 504 1414 docta,
522 1356 635 1401 verum
663 1336 705 1399 ad
736 1335 1006 1418 superstitionem
1034 1354 1140 1417 usque
1168 1336 1324 1419 religiosa

239 1436 435 1519 proiectum,
460 1457 481 1502 a
504 1416 766 1507 Glossatoribu's·
782 1436 876 1500 vario
901 1443 1063 1501 tentatum
1088 1436 1198 1513 modo,
1220 1443 1255 1500 et
1277 1437 1321 1501 ed

239 1537 378 1602 aliorum
395 1538 556 1603 Codicum
576 1558 722 1603 normam
745 1545 914 1617 exectum,
935 1537 1120 1619 horumque
1141 1538 1321 1601 lectionum

238 1639 396 1703 verietate
411 1647 579 1703 oneratum
595 1641 701 1723 meps
715 1660 756 1703 ac
772 1648 920 1704 ornatum
936 1659 1024 1703 esse.
1069 1638 1160 1703 Hinc
1179 1638 1323 1702 innume·

239 1740 361 1804 rubiles
375 1759 477 1823 propo
490 1739 654 1804 literarum
668 1748 703 1804 et
714 1760 834 1804 vocum
848 1759 983 1818 rosurae,
1002 1740 1301 1823 superscriptiones
1313 1758 1324 1818 ;

240 1840 465 1917 emendendae,
485 1859 546 1904 nec
567 1845 676 1907 umen
698 1841 806 1905 adhuc
830 1849 999 1916 correcte,
1013 1840 1166 1905 lectionis
1187 1840 1281 1921 signo
1301 1859 1324 1903 e

239 1940 417 2004 Veteribus
438 1939 563 2019 addite,
584 1949 620 2006 et
641 1960 663 2006 e
684 1941 735 2005 ct.
749 1942 967 2006 Vierscbroto
986 1942 1134 2005 curatius
1156 1946 1322 2005 annotate.

241 2040 398 2123 Denique
411 2043 627 2107 recentiorum
641 2042 732 2107 illins
741 2042 880 2108 Codicis
889 2042 1075 2120 lectorum,
1083 2043 1160 2125 plus
1174 2042 1324 2106 minusve

240 2144 429 2225 peritorum,
444 2144 613 2227 excerptis
628 2144 763 2221 facturn,
779 2144 912 2227 utquid
927 2144 982 2208 ille
997 2151 1130 2209 tueatur
1150 2149 1325 2225 respuatve

240 2244 344 2307 multo
373 2243 479 2307 simus
507 2244 707 2309 incertiores.
751 2242 862 2323 Adde,
891 2243 980 2329 quod
1010 2244 1163 2308 Editores
1192 2243 1325 2308 Manilii

240 2349 397 2429 excerpta
421 2345 492 2423 illo,
517 2346 617 2411 modo
641 2346 749 2410 minus
778 2347 934 2410 distinete
962 2346 1168 2426 consignata,
1195 2345 1326 2409 sinistre

240 2448 394 2529 legerunt,
421 2449 519 2512 modo
547 2450 618 2512 suis
648 2449 896 2532 praeconceptis
924 2448 1137 2530 opinionibus
1164 2445 1324 2510 adversae

240 2548 400 2612 lectiones
415 2557 671 2631 suppresserunt
686 2549 839 2628 subinde,
852 2556 912 2613 eut
925 2549 967 2614 ed
984 2567 1066 2626 suae,
1078 2565 1144 2610 non
1152 2545 1324 2625 Auctoris,

240 2650 409 2714 sententiae
440 2650 601 2726 habitum,
626 2649 765 2714 artifieio
792 2669 910 2733 perum
934 2649 1089 2726 honesto,
1116 2655 1325 2730 optaverunt.

241 2747 329 2826 Quoe
348 2748 482 2834 quidem
505 2769 547 2813 no
574 2750 810 2816 contumeliose
834 2752 939 2833 magis
965 2770 1006 2814 ec
1030 2768 1106 2813 vere
1137 2749 1326 2832 prodidisse

240 2970 322 3023 diesen
334 2973 401 3037 qnod
413 2987 445 3022 ex
461 2974 501 3022 bie
513 2973 675 3023 (lullielmlne
688 2971 762 3020 reetl·
802 2975 912 3024 lielmlne
923 2973 955 3022 ed
972 2973 1083 3036 priorem
1102 2969 1234 3022 Ciceronis
1243 2969 1327 3018 lotum

240 3046 299 3095 tuit.
321 3047 462 3110 Perpetem
473 3048 533 3109 boe,
543 3047 762 3110 Grutertjtrdtcto,
803 3050 879 3113 longe
886 3049 956 3099 eliud
968 3048 1016 3099 boc
1023 3045 1248 3098 disserilmtredit
1259 3057 1327 3104 eree,

241 3121 285 3184 qui
303 3121 394 3171 eddit:
422 3122 477 3170 ‘lte
492 3123 633 3186 dissignem,
654 3124 763 3188 diffinire,
804 3140 879 3190 queue
894 3126 1031 3176 describere.
1064 3124 1164 3174 Siccine
1185 3120 1329 3182 eCritlcie

241 3195 533 3260 elie,peseirneorrtrpte
550 3198 575 3246 in
592 3197 677 3248 libro!
710 3197 762 3247 Hic
804 3216 904 3251 suornm
917 3202 1047 3252 Librorum
1060 3199 1122 3248 tltle
1132 3205 1159 3246 et
1168 3196 1328 3259 corruptelae

241 3271 338 3335 itaque,
354 3273 380 3321 ni
395 3271 460 3322 follit
479 3287 524 3321 noe
541 3273 648 3331 enimus,
658 3287 764 3337 eorrup-
804 3277 987 3326 exeneetttibue
999 3290 1048 3324 oon
1058 3271 1197 3334 modo,eed
1208 3270 1327 3334 speciose

241 3346 275 3396 tie
286 3356 434 3397 annumeret
452 3347 514 3397 illud
529 3349 652 3412 dieteripte
668 3356 764 3413 quento
802 3352 883 3415 mepte
893 3367 923 3402 ee
929 3353 1000 3416 jnete
1012 3347 1221 3406 defendentibus,
1231 3359 1277 3394 noe
1288 3357 1328 3392 ee·

241 3423 331 3484 mejeri
349 3423 410 3487 jure
432 3437 481 3472 vos
503 3439 559 3474 eum
582 3426 692 3488 simplici
715 3426 766 3475 ele·
803 3427 862 3476 duci
880 3427 1023 3490 petiemerr?
1048 3423 1137 3474 Abeit!
1163 3421 1231 3473 Quin
1248 3421 1328 3469 multo

243 3505 328 3545 mento
339 3513 352 3546 e
362 3499 502 3561 expresse?
520 3499 642 3550 Occurrit
661 3500 709 3549 boc
724 3502 766 3549 de·
781 3543 787 3550 .
802 3502 944 3551 consultius
963 3515 1008 3550 noe
1027 3497 1120 3549 iecisse
1136 3504 1263 3561 putemus,
1282 3495 1328 3558 qui

241 3572 366 3633 scribitur,
378 3580 407 3621 nt
424 3573 485 3623 slibl
496 3575 600 3636 sepior,
617 3577 653 3624 lte
664 3591 764 3641 quoqne
802 3577 925 3641 ejusmodi
938 3577 1074 3636 lectiones,
1084 3587 1146 3623 eene
1157 3573 1240 3636 pelem
1252 3571 1329 3621 ritio-

242 3647 391 3698 Aetronorn.
410 3649 454 3698 llb.
467 3663 493 3698 v.
510 3653 566 3698 tlt.
585 3650 627 3700 ubl
650 3665 700 3700 non
721 3667 764 3700 ee·
802 3666 853 3716 eee,
864 3652 999 3716 peqnldem
1004 3650 1178 3714 judicavimus
1190 3661 1328 3698 recensen-

240 3723 292 3771 rlet
313 3722 463 3786 Lipsiensis,
492 3737 575 3788 neque
604 3726 668 3775 edeo
691 3727 764 3774 Vier-
801 3728 862 3786 dee;
880 3726 1034 3775 nieinbieel
1049 3725 1096 3773 sub
1111 3737 1198 3772 errore
1215 3721 1328 3772 Librerl·

242 3797 358 3848 eeltrotne
367 3807 463 3849 notter.
476 3798 589 3849 Annottt
597 3802 763 3858 eutem,⁸De·
803 3816 875 3850 orum
893 3801 979 3864 eliqne
989 3801 1080 3849 etitem
1091 3799 1210 3849 veritetie
1220 3799 1329 3861 veetigle

242 3872 354 3922 scribere
366 3873 498 3935 elegenter
510 3887 556 3937 pro
573 3875 701 3938 ordinere,
713 3877 763 3926 die·
802 3877 885 3925 letere
906 3875 1080 3938 eognovimus.
1119 3874 1177 3924 Alie
1197 3883 1239 3924 est
1258 3876 1327 3923 rstie

241 3945 371 4006 tribuere;
390 3947 545 3997 utobeereet
561 3949 647 4000 (leur.
659 3951 692 3999 ed
704 3951 761 4001 Cic.
803 3964 893 3999 euenere
908 3951 1019 3999 dedecere
1039 3958 1067 3999 et
1085 3950 1203 4006 didecere,
1220 3963 1328 4012 qnemrn

244 4017 320 4068 Offic.
331 4034 350 4074 1.
361 4021 412 4070 w
431 4023 513 4071 Vides
521 4023 596 4086 edes,
608 4025 639 4074 B.
651 4027 680 4075 b.
692 4028 762 4089 puell
802 4025 952 4076 eoufttsione
961 4025 1049 4074 Codex
1060 4025 1330 4089 Perie.reriue,1.lpe.

242 4093 276 4142 eit
287 4094 454 4147 ineenetentie
465 4098 543 4148 lectio
558 4098 661 4149 Codicis
673 4110 699 4150 et
708 4102 763 4165 opi·
805 4116 866 4151 vero
876 4102 1015 4165 eepieelme
1026 4101 1153 4164 peeeeelt.
1184 4101 1243 4152 Qus
1254 4099 1287 4150 de
1298 4115 1327 4152 re

241 4169 284 4220 nio
305 4169 479 4223 Reeeoeeotie.
512 4174 597 4224 Quid?
613 4175 679 4240 quod
700 4175 763 4228 Gui-
804 4176 864 4227 'ribi
876 4175 1047 4239 precepimus
1058 4173 1090 4224 ed
1101 4174 1147 4225 lib.
1159 4188 1178 4226 t.
1189 4179 1213 4224 ³.
