3067 4875
252 394 274 457 6
701 406 893 455 ramrsrro

299 548 426 632 Nempe
441 550 545 613 trihus
560 556 635 611 ante
648 550 890 631 propemodum
911 550 1007 613 annis
1025 548 1069 611 ad
1091 547 1154 611 hoc
1168 546 1336 611 scribendi

251 668 354 732 genus
367 649 525 712 invitatus
539 649 582 711 ah
596 646 750 711 Amando
761 648 920 731 Koenigio
935 648 1130 730 Bibliopola
1143 647 1336 725 florentissi-

250 768 318 826 mo,
332 758 370 813 ut
385 748 453 813 ridi
469 751 575 813 virum
589 750 875 825 honestissimum,
890 770 955 813 non
969 770 1032 813 suo
1052 751 1158 831 magis
1172 768 1214 811 ao
1227 748 1337 810 litera·

249 870 323 915 reru
346 851 520 915 commodo
546 851 681 915 assidue
705 852 946 933 invigilantem,
965 852 1120 914 exhibere
1139 848 1220 913 mihi
1234 848 1336 911 Bent-

250 953 389 1016 leianam
419 950 647 1015 Astronomici
679 952 898 1016 recensionem
928 952 972 1015 ad
1005 950 1139 1015 verhum
1172 968 1335 1025 recusam,

250 1073 363 1135 quanr,
386 1071 449 1115 suo
465 1052 598 1134 quidem
615 1052 757 1135 judicio,
781 1052 927 1115 habehat
940 1053 1086 1116 omnium
1101 1050 1337 1136 praestantissi-

249 1173 356 1217 mam:
379 1152 535 1235 equidem
549 1153 598 1216 illi
612 1160 729 1216 auctor
749 1152 810 1228 sui,
832 1160 870 1216 ut
894 1153 1021 1236 absque
1046 1153 1179 1216 selectis
1192 1150 1336 1213 erudito·

249 1274 331 1329 runr,
341 1273 407 1336 qua
415 1254 504 1318 illius
518 1254 701 1330 architecti,
710 1274 779 1337 qua
788 1253 932 1318 aliorum
942 1255 1161 1337 interpretum,
1170 1250 1336 1315 annotatis

249 1374 381 1419 carmen
396 1373 437 1418 ne
451 1356 627 1419 emitteret.
664 1356 799 1419 Placuit
812 1354 999 1419 consilium.
1034 1354 1096 1418 ille
1111 1374 1163 1417 me
1175 1354 1211 1415 in
1224 1371 1336 1434 operte

249 1456 476 1520 vadimonium
493 1475 631 1535 vocare;
654 1475 717 1537 ego
731 1454 865 1539 placide
879 1454 983 1518 obire.

293 1556 466 1639 Concepla
480 1558 694 1639 stipulatione
709 1558 757 1622 nil
771 1558 927 1640 equidem
941 1556 1047 1637 magis
1066 1554 1250 1619 cavendum
1272 1570 1336 1634 pu·

249 1660 330 1735 tari,
345 1658 410 1722 nisi
428 1677 471 1721 ne
487 1659 605 1722 eadem
620 1659 699 1722 olirn
716 1659 797 1723 rnihi
811 1660 947 1740 querela
957 1658 1149 1731 conveniat,
1163 1674 1260 1737 quam
1275 1653 1337 1716 illa

248 1758 464 1823 nundinarum
478 1766 514 1823 et
528 1759 783 1823 nundinantium
804 1759 1038 1840 importunitas
1058 1757 1132 1820 aliis
1151 1757 1238 1819 hene
1251 1752 1336 1817 mul·

247 1860 291 1923 tis
307 1858 486 1940 expressit.
530 1858 582 1923 Cl.
597 1856 756 1923 [ochueri
780 1859 922 1923 monitus
948 1878 1022 1921 sum
1046 1856 1212 1940 exemplo,
1228 1855 1337 1938 quiin

248 1962 342 2025 calce
360 1960 466 2037 Nerii‚
482 1946 542 2024 ser'r
558 1960 842 2045 Rhododaphnes,
857 1959 931 2023 hmc
950 1960 1031 2023 rnilri
1045 1959 1152 2040 legere
1165 1958 1267 2021 rerba
1279 1955 1340 2019 de·

247 2062 314 2125 dit:
336 2060 513 2125 ‘Ceterum
536 2082 612 2127 cunr
637 2062 708 2127 fato
735 2063 892 2145 singulari
921 2061 1068 2144 quodam
1088 2059 1171 2123 nihil
1198 2058 1267 2121 fere
1287 2059 1339 2121 in·

248 2163 508 2228 contaminatum
538 2183 559 2228 a
582 2165 802 2248 typographis
826 2184 915 2229 nurre
938 2162 1089 2246 prodeat,
1115 2159 1177 2225 hoc
1201 2178 1337 2243 quoque

248 2264 446 2347 opusculum
461 2266 579 2329 erratis
594 2265 806 2347 deturpatum
821 2284 908 2343 esse,
923 2265 1070 2329 maxime
1085 2282 1161 2326 cum
1175 2262 1337 2325 instantes

247 2372 430 2449 premerent
446 2363 739 2430 Francoturtenses
753 2365 923 2443 nundinae,
937 2365 1027 2428 haud
1047 2361 1202 2445 ambigo?
1243 2359 1338 2439 Quin

247 2468 344 2530 etiarn
361 2467 466 2531 multo
481 2486 534 2530 me
550 2469 728 2532 cautiorem
750 2469 830 2532 fecit
851 2469 990 2532 doctiss.
1011 2464 1261 2540 Drakenborch,
1282 2463 1337 2526 eui

246 2572 315 2630 tota
337 2567 455 2628 merito
478 2566 605 2631 indolet
632 2587 684 2631 res
708 2569 857 2634 literaria
872 2569 1023 2653 querenti
1037 2568 1081 2631 ad
1103 2567 1223 2630 Silium
1238 2581 1337 2626 suum

247 2665 308 2729 lib.
326 2682 424 2730 xvrr.
436 2667 511 2731 633.
527 2667 578 2732 his
593 2670 718 2734 verbis:
742 2675 753 2706 ‘
768 2669 882 2754 Atque
897 2670 971 2735 hmo
986 2677 1072 2748 snut,
1088 2687 1165 2752 quae
1180 2685 1241 2729 uos
1255 2664 1339 2727 inter

248 2785 365 2848 operes
380 2768 644 2851 typographicae
667 2771 709 2834 ad
729 2771 848 2835 Silium
871 2769 1233 2836 effudimusmtertiam
1255 2782 1336 2829 vero

246 2873 373 2950 partenr
389 2887 484 2950 paene
498 2875 647 2935 notarum
662 2891 810 2936 mearum
825 2882 961 2955 propter
970 2871 1134 2935 nundinas
1143 2863 1339 2930 Francosur·

250 2977 376 3046 tensae,
392 2991 468 3054 quae
483 2973 620 3050 instant,
636 2975 787 3037 omittere
802 2993 941 3038 necesse
955 2970 1079 3038 habui?

290 3069 494 3154 Quanquam
515 3093 596 3138 vero
613 3074 731 3138 lubens
746 3074 964 3158 prudensque
980 3074 1075 3156 parui
1090 3069 1337 3152 sapientissimo

246 3171 295 3235 illi
312 3173 452 3251 monito,
475 3173 580 3239 ‘Vin’
603 3196 670 3240 rem
696 3177 779 3241 hene
800 3177 945 3240 haberet
968 3176 1071 3240 lente
1096 3173 1162 3248 tao,
1188 3177 1221 3234 et
1244 3189 1337 3252 saepe

247 3275 372 3356 corrige
384 3273 404 3333 :'
425 3275 581 3358 equidem
597 3285 712 3341 tamen·
728 3278 857 3343 illorum
882 3278 972 3342 nolui
993 3276 1182 3341 tarditatem
1204 3271 1337 3344 imitari,

246 3377 302 3458 qui
320 3395 430 3439 moras
446 3383 614 3442 nectentes
636 3387 789 3458 aeternas,
814 3381 929 3444 ultimo
953 3377 1084 3443 tandem
1107 3375 1175 3438 fato
1205 3374 1276 3436 suis
1301 3379 1338 3434 et

246 3475 366 3539 Poetae
383 3479 482 3542 rebus
498 3480 640 3562 abrepti,
656 3486 777 3562 praeter
798 3481 915 3562 ingens
937 3479 989 3542 sui
1005 3476 1205 3541 desiderium
1219 3474 1337 3538 foetom

246 3577 368 3659 ingenii
386 3579 586 3662 reliquerunt
610 3582 779 3646 immaturi
799 3582 928 3646 Bacchi
942 3578 1108 3644 cunabula
1120 3584 1335 3659 quaerentem.

246 3678 325 3757 Quo
340 3679 470 3760 quidem
486 3684 618 3746 nornine
632 3685 867 3748 recensendine
881 3683 989 3756 nohis,
1004 3699 1046 3744 an
1059 3679 1163 3760 magis
1176 3677 1330 3740 dolendit

246 3781 392 3858 Sosius:
417 3780 624 3861 Creechius,b
646 3784 814 3863 Gotesius,
839 3783 973 3860 Graius,
1002 3779 1207 3855 Geraruus:
1238 3775 1337 3840 Vier·

276 3975 288 4000 ⁸
303 3969 416 4020 Jocohrrr
426 3972 514 4022 Suriae
525 3972 647 4035 ineigrrero
666 3989 770 4038 prorsus
810 3987 842 4022 ex
855 3973 923 4023 illiue
935 3973 1000 4022 libro
1012 3973 1146 4032 lectiones,
1155 3983 1229 4018 verae
1240 3969 1338 4031 puriter

245 4044 353 4096 Manilio
373 4049 478 4097 navavit
493 4064 606 4106 operam.
633 4051 680 4099 Crri
693 4049 770 4098 fidem
811 4063 841 4098 uc
853 4049 1040 4111 conjectemus,
1054 4047 1148 4110 passim
1161 4043 1339 4108 prodiderunt.

243 4117 341 4170 faciunt
363 4125 460 4173 Errrrliri
480 4126 607 4185 Britanni,
621 4127 665 4188 qui
680 4127 705 4175 irr
717 4127 771 4176 Oh·
810 4125 875 4176 (λιιι
884 4140 959 4190 qnam
969 4122 1171 4174 erimiol'uerint
1179 4122 1264 4184 pretio
1273 4119 1337 4168 Lod.

244 4210 311 4244 sorr.
323 4197 434 4248 Miscelt.
450 4208 586 4266 excerptae
597 4201 629 4251 erl
645 4203 770 4253 Nostrum
810 4201 936 4258 Carrioni,
954 4199 1028 4250 lohet
1049 4201 1140 4266 ipsius,
1166 4197 1243 4263 primi
1267 4196 1337 4245 torte
