3067 4875
255 356 298 420 Ἄ)
721 368 768 415 na
793 367 883 415 vira

254 512 364 574 omnia
392 510 520 575 Latinis
543 509 651 573 verbis
675 510 816 593 exequi:
837 513 871 571 et
896 507 930 570 in
955 526 996 572 eo
1020 506 1165 573 maxime
1178 509 1343 584 laborare,

256 619 294 673 nt
320 614 424 694 magis
452 591 613 675 instruere
643 629 682 673 ac
709 609 827 674 docere
853 608 1013 687 videatur,
1036 628 1137 690 quam
1151 608 1336 685 delectare,

256 712 408 793 quoniam

363 811 480 874 Ornari
492 830 546 875 res
562 811 637 893 ipsa
651 812 758 890 negat,
774 814 932 872 contenta
947 807 1070 874 doceri.
1107 812 1182 874 Lib.
1198 827 1259 873 111.

300 910 423 994 Neque
437 910 557 974 desunt
571 912 626 992 qni
637 908 830 973 existiment
844 908 990 972 Plinium
1001 911 1042 974 de
1053 912 1117 975 boc
1127 913 1204 994 ipso
1220 910 1345 977 Mallio

257 1010 473 1086 intellexisse,
502 1029 568 1093 quo
592 1012 667 1075 loco
690 1009 731 1073 de
753 1008 923 1072 Obeliscis
944 1009 1084 1075 disserit.
1128 1012 1166 1075 Is
1179 1013 1266 1076 enim
1283 1031 1347 1076 sno

259 1111 392 1191 ingenio
422 1112 523 1193 pilam
555 1116 701 1175 auratam
727 1108 762 1173 in
788 1108 939 1173 Obelisci
965 1112 1063 1193 apice
1087 1112 1272 1187 constitnit,
1302 1132 1349 1175 ex

258 1211 353 1294 cnjus
369 1212 485 1274 umbra
498 1211 654 1276 horarum*
665 1216 832 1276 momenta
851 1212 1111 1276 observarentur.
1157 1210 1236 1289 Qua
1258 1213 1292 1276 in
1310 1232 1346 1275 re

258 1312 438 1374 maximam
455 1312 774 1377 commendationem
790 1312 928 1393 accepit.
973 1311 1026 1375 De
1048 1313 1143 1376 obitu
1159 1312 1251 1376 illins
1266 1312 1348 1380 nibil

261 1430 282 1473 a
297 1413 393 1475 nobis
413 1418 614 1494 compertum
629 1412 703 1476 est!
748 1411 924 1475 Hactenus
939 1411 1091 1475 Crinitus.

304 1515 501 1578 Laurentius
517 1514 775 1578 Bonincontrins
800 1519 950 1590 testatur,
973 1521 1094 1597 praeter
1114 1515 1234 1597 Poggii
1256 1513 1351 1579 codi-

260 1634 343 1691 cem,
357 1615 604 1679 vetustissimos
619 1634 753 1698 quoque
772 1613 909 1679 Manilii
930 1614 1170 1695 quinterniones
1186 1616 1229 1679 ab
1243 1614 1351 1678 Anto·

260 1715 314 1778 nio
323 1714 514 1779 Panormita
528 1715 594 1777 sibi
608 1715 714 1778 inisse
728 1712 880 1791 traditos,
890 1713 924 1775 in
940 1713 1063 1794 quibus
1075 1713 1119 1777 ad
1135 1733 1233 1778 omne
1249 1714 1351 1778 libro-

261 1833 333 1879 rnrn
348 1815 478 1877 initium
494 1814 573 1877 talis
586 1814 659 1878 baec
678 1819 748 1877 erat
766 1812 960 1894 inscriptio:
983 1829 1015 1876 c.
1038 1828 1196 1877 urnrnu
1222 1830 1352 1879 roera

265 1928 465 1977 renueritis
489 1926 782 1979 nsnnonorurnon
809 1928 964 1976 rnornrr.

308 2012 455 2091 Quorum
485 2014 749 2095 quieternionnm
775 2013 972 2078 auctoritate
996 2019 1163 2096 permotus
1191 2014 1261 2091 ille,
1289 2033 1355 2079 non

263 2114 388 2177 veritus
401 2120 452 2177 est
467 2114 627 2179 affirmare
638 2116 682 2178 ab
695 2114 951 2198 impressoribus
963 2114 1050 2178 male
1062 2115 1224 2196 scriptum
1237 2116 1354 2192 inisse,

266 2212 316 2277 M.
331 2212 520 2289 Manilium,
535 2234 595 2295 pro
611 2213 650 2277 C.
667 2214 821 2278 Manilio.
849 2212 972 2277 ,Lilius
987 2212 1153 2296 Gyraldns
1168 2214 1357 2279 Ferrarien-

265 2312 313 2374 sis
324 2310 382 2375 lib.
393 2311 434 2375 de
445 2310 540 2377 Pn'et.
551 2312 624 2377 bist.
636 2311 1066 2394 dialog.4.edition.Basil.
1077 2334 1132 2379 an.
1143 2330 1356 2380 nr.n.t.xxx.

266 2412 403 2495 scripsit
416 2412 491 2477 haec
507 2412 548 2478 de
562 2412 714 2478 Manilio.

309 2515 319 2545 ‘
336 2511 403 2575 Per
416 2513 490 2576 brec
505 2519 659 2596 tempora
672 2511 851 2598 (Augusti)
865 2513 1057 2578 crediderim
1072 2515 1226 2580 Marcum
1243 2515 1359 2582 Mani-

266 2612 360 2686 lium,
377 2612 435 2694 qui
458 2619 493 2676 et
518 2611 555 2677 G.
573 2613 722 2678 Manlius
738 2615 782 2678 ab
797 2612 966 2696 aliquibus
980 2615 1090 2680 dictus
1114 2637 1192 2682 esse
1215 2619 1359 2695 videtur,

267 2711 310 2775 ab
326 2711 402 2776 aliis
418 2731 496 2776 vero
512 2712 561 2775 M.
578 2713 737 2791 Manlius,
752 2715 808 2778 vel
823 2713 996 2793 Manilius,
1017 2716 1135 2797 Poiita,
1150 2717 1357 2802 Astrologiae

268 2811 421 2894 scriptor,
441 2811 482 2875 de
506 2827 572 2894 qun
591 2832 669 2888 non,
693 2813 759 2876 nisi
781 2813 955 2896 exipsius
978 2819 1241 2898 carmine,'aatis
1262 2821 1361 2886 firma

267 2913 376 2976 habeo
404 2920 607 2990 argumenta.
652 2915 740 2978 Sunt
767 2915 826 2997 qui
856 2921 972 2980 extare
999 2918 1113 2984 dicant
1137 2921 1358 2999 nomismata,

270 3029 411 3095 qnorum
427 3031 529 3076 unum
542 3033 579 3076 se
592 3014 748 3078 habuisse
768 3017 816 3079 ait
839 3015 1039 3082 Laurentius
1055 3018 1282 3100 Miniatensis,
1297 3022 1360 3108 qni

270 3112 303 3173 in
320 3112 429 3194 ipsum
445 3118 612 3176 auctorem
634 3117 870 3180 commentaria
893 3117 1045 3200 reliqnit3
1067 3120 1155 3186 idem
1169 3130 1204 3188 et
1217 3123 1362 3207 Stepha-

271 3229 333 3274 nus
351 3211 515 3276 Dulcinus
531 3215 657 3280 scribit.
700 3214 849 3282 Alterum
865 3236 997 3300 quoque
1016 3223 1179 3287 nomisma
1195 3224 1306 3289 simile
1322 3244 1361 3289 se

273 3311 396 3374 vidisse
411 3313 460 3375 vir
474 3311 591 3378 doctus
603 3334 643 3379 ac
659 3319 797 3400 probus,
808 3325 908 3401 atque
918 3320 999 3384 mibi
1009 3321 1109 3403 longa
1125 3323 1263 3405 junctus
1277 3328 1362 3390 ami·

273 3413 362 3487 citia,
387 3411 551 3477 Nicolaus
572 3415 784 3498 Trapolinus,
806 3420 915 3483 dicere
937 3429 989 3485 est
1013 3423 1151 3504 solitns3
1176 3427 1360 3508 inquibus

274 3511 528 3576 nomismatibus
543 3515 651 3598 ipsius
667 3518 802 3601 effigies,
812 3520 929 3584 habitu
941 3525 1124 3604 peregrino,
1132 3545 1207 3590 cnm
1218 3525 1364 3609 spboera

273 3611 511 3678 Astronornica
531 3619 745 3700 conspicitur,
761 3639 838 3684 cnm
857 3620 1045 3704 hujusmodi
1067 3625 1298 3709 inscriptione,
1322 3627 1362 3692 G.

276 3711 437 3776 Martum.
472 3712 551 3791 Quo
563 3727 755 3799 argumento
767 3721 984 3801 alienigenam
995 3722 1088 3787 illum
1102 3731 1137 3788 et
1151 3729 1365 3809 peregrinum

273 3813 372 3879 facile
401 3815 590 3880 existimare
614 3837 804 3901 possumne.
856 3821 944 3885 Sunt
970 3825 1028 3906 qni
1050 3822 1295 3892 Antiochenam
1318 3849 1365 3894 ex

275 3913 379 3977 Plinii
408 3916 519 3980 verbis
544 3915 686 3998 iaciant3
709 3925 744 3984 nt
767 3922 877 3985 minus
902 3922 970 3986 illis
997 3924 1198 3990 credendum
1227 3929 1281 4007 sit,
1305 3930 1365 4013 qni

275 4009 395 4077 Rome
425 4015 517 4078 iilum
541 4035 583 4080 ex
611 4018 728 4083 illustri
751 4019 878 4085 familia
898 4029 1011 4088 natum
1036 4027 1248 4093 arbitrantur.
1290 4031 1367 4113 Ego

275 4113 387 4194 ponus
402 4114 436 4176 in
452 4113 615 4182 Manliana
629 4118 791 4185 familiam
817 4121 1012 4205 adoptatum
1038 4127 1242 4211 crediderim,
1261 4151 1367 4216 qnam
1384 4122 1393 4141 ‘
