3067 4875
245 341 290 407 24
706 351 755 399 nn
780 351 869 399 vrrs

244 515 377 567 manum
399 495 477 559 huic
505 494 596 577 operi
620 491 781 559 admovit.
824 492 936 561 Senex
959 496 1070 561 nutem
1091 512 1160 560 unu
1182 500 1245 571 est,
1271 493 1330 576 qui

245 598 342 681 cupit
355 597 425 660 fieri
439 614 551 661 senex.

290 697 407 785 Fidem
419 695 535 779 petius
544 695 588 759 iis
599 694 819 772 adhibuerim,
827 694 884 777 qni
895 693 1071 759 Manilium
1083 695 1173 759 trnnc
1186 698 1331 759 courum

246 820 315 865 nun
330 798 433 861 alium
456 816 530 861 esse
552 796 667 862 volunt
688 797 731 859 ub
753 815 806 873 eo,
821 815 917 878 qncur
939 795 1068 859 Plinius
1090 796 1204 861 scribit
1224 794 1332 876 pilnm

246 900 403 967 obelisco
431 895 577 980 Augusti
604 897 819 981 imposuisse.
863 896 1028 974 Quamvis
1049 898 1135 961 euim
1159 914 1226 960 ncn
1248 893 1332 977 pce·

248 1008 327 1078 tenu
350 999 408 1065 scd
427 997 696 1063 mathematicum
712 997 871 1073 nominet,
886 996 1046 1061 Manilius
1058 998 1112 1061 trtc
1128 1016 1219 1074 sune,
1239 998 1333 1079 quic·

249 1101 331 1185 qnid
344 1100 515 1165 abnuerint
528 1092 684 1176 ncunulii‚
699 1104 733 1161 et
746 1096 847 1181 pocta
869 1097 1017 1175 illustris,
1030 1103 1065 1161 et
1076 1097 1333 1161 mathematicus

247 1222 312 1269 nun
325 1200 477 1283 ignobilis
489 1200 566 1263 fuit.

292 1304 377 1368 Gum
398 1302 497 1383 igitur
518 1301 578 1365 ulii
599 1301 780 1382 scriptores
800 1297 883 1363 nihil
904 1298 983 1361 cesti
1003 1297 1047 1362 de
1069 1299 1211 1363 Manilio
1231 1295 1334 1361 nubis

250 1403 446 1487 praedicent,
463 1420 506 1465 ex
520 1401 612 1464 illius
627 1400 760 1483 scriptis
774 1404 912 1483 praestut
924 1404 1067 1481 repetere
1082 1397 1244 1484 quicquid
1258 1398 1335 1481 ipse

251 1506 294 1571 de
309 1524 346 1571 se
359 1522 423 1568 nnn
437 1504 619 1585 importune
633 1500 789 1583 loquitur.

295 1606 329 1673 N
332 1606 440 1673 stione
456 1612 565 1668 nutem
575 1602 762 1667 Romanum
776 1599 881 1665 fuisse
894 1598 1111 1682 ipseindicnt
1120 1599 1187 1665 hoe
1195 1617 1312 1663 versu:

330 1708 503 1789 Speratum
513 1702 737 1769 Hsnuibeiem
751 1702 873 1766 nostris
883 1700 1047 1765 cecidisse
1054 1702 1196 1765 catenis.
1219 1700 1336 1764 rull.

252 1808 371 1874 Rcmae
397 1806 573 1888 scripsisse
592 1804 655 1867 hnc
675 1822 774 1885 opus,
793 1803 860 1867 etsi
873 1801 997 1867 diuntiu
1011 1802 1085 1885 ipss
1098 1802 1210 1885 operis
1225 1820 1338 1884 perse

251 1910 334 1977 sutis
349 1906 472 1991 prodit,
487 1906 563 1987 ipse
579 1912 689 1968 umen
706 1904 849 1968 dechrut
859 1904 923 1968 trun
942 1904 1046 1967 nitere
1056 1922 1165 1967 versu.

338 2006 416 2085 Qus
428 2007 555 2090 genitus
570 2024 644 2071 cum
657 2004 756 2071 srstre
772 2004 898 2069 Remum
909 2004 995 2069 hunc
1012 2003 1164 2068 condidit
1181 2002 1316 2069 Urbem.

1173 2121 1224 2169 iv.
1238 2106 1319 2169 7⁷5.

253 2210 400 2291 Tempus
420 2226 511 2287 reru,
529 2226 601 2291 qun
623 2206 772 2289 scripsit,
792 2207 1003 2271 menifestum
1024 2206 1153 2272 fuciunt
1172 2206 1246 2271 hnc
1267 2224 1341 2270 cur·

255 2330 364 2377 mnne:

339 2412 501 2476 Externns
514 2409 615 2475 modu
631 2428 687 2493 per
701 2414 811 2491 gentes
826 2412 862 2471 ut
875 2406 998 2472 foedere
1010 2412 1109 2491 mptc

342 2509 511 2574 Gumieru
524 2511 691 2574 ductorem
705 2509 818 2591 rapuit
830 2507 1010 2572 Germanis
1024 2509 1160 2586 Verum,

341 2611 529 2694 Iniecitque
541 2610 639 2675 trium
653 2609 820 2691 legionum
836 2608 995 2690 numm
1007 2627 1159 2692 cumpes-
1182 2627 1207 2672 ι.
1219 2611 1296 2676 tm.

260 2715 310 2780 Ex
324 2713 366 2776 iis
379 2711 466 2775 enim
481 2716 614 2776 cunstat
623 2708 686 2773 truc
698 2707 953 2775 Astrcnomicun
965 2712 1129 2794 scriptum
1145 2712 1251 2779 fuisse
1263 2719 1343 2796 post

253 2813 387 2880 cladem
402 2810 597 2876 Verianum.

300 2913 381 2978 Huc
402 2912 534 2978 accedit
553 2913 629 2996 ipss
646 2913 755 2995 operis
771 2912 905 2989 dicatio,
920 2931 1018 2993 quum
1034 2909 1190 2994 Angusto
1205 2915 1343 2993 fuctum,

257 3015 357 3080 etium
374 3032 426 3075 me
441 3018 581 3092 tacente,
596 3013 679 3078 sutis
692 3013 870 3096 loquuntur
885 3013 1067 3077 hireneus:
1108 3089 1118 3107 Ι

344 3113 398 3176 Tu
413 3112 504 3190 mitri,
516 3119 565 3188 tu,
581 3110 708 3190 cessar,
723 3113 843 3196 petrin
858 3113 1087 3196 princepsque,
1100 3122 1276 3198 putemus,

343 3211 412 3290 Qui
426 3215 513 3296 regie
526 3211 689 3296 Augustis
704 3219 871 3297 parentem
883 3214 1014 3296 iegibus
1028 3215 1153 3293 orbem,

343 3313 612 3398 Cencessnmque
625 3314 713 3397 putri
726 3313 884 3380 mnndum
899 3314 994 3379 Dens
1007 3315 1081 3398 ipse
1093 3315 1242 3392 mereris,

345 3413 416 3477 Due
428 3415 573 3480 animum
588 3415 740 3499 viresque
754 3415 840 3480 iscis
853 3415 898 3479 nd
913 3422 1003 3487 unte
1016 3413 1211 3482 cenenum
1235 3433 1259 3478 1.
1281 3418 1316 3480 7.

259 3513 432 3596 Angustus
445 3517 531 3581 enim
543 3523 579 3580 et
594 3515 695 3581 Pater
709 3517 826 3599 pstrim
836 3515 1061 3580 commistus
1079 3520 1141 3591 est,
1155 3523 1192 3578 et
1210 3517 1347 3582 divinus

258 3614 413 3695 honores,
427 3617 528 3682 etium
544 3616 622 3682 dum
637 3618 770 3694 viveret,
784 3623 981 3681 wnsecutns
995 3619 1056 3692 est
1065 3634 1152 3698 quos
1168 3625 1246 3700 pust
1260 3639 1347 3684 mur·

259 3723 326 3780 tem
347 3719 477 3778 tentum
498 3714 521 3780 J
523 3715 590 3778 uiiu
611 3715 738 3780 Caesari
759 3716 907 3782 redditus
927 3714 1107 3779 Suetonius
1132 3723 1291 3799 testatum
1313 3726 1349 3785 et

259 3834 375 3879 revers
394 3813 477 3879 Jutii
500 3813 645 3880 Gesseris
666 3816 756 3880 fitius
781 3816 857 3893 fuit,
882 3834 949 3878 nun
970 3815 1108 3897 quidem
1137 3823 1263 3893 nutura,
1286 3819 1349 3884 sed

255 3915 382 3998 judicio
404 3921 438 3978 et
458 3917 641 3982 vuluntate.
686 3915 786 3994 Quod
807 3915 896 3981 idern
920 3915 1030 3980 Pnits
1049 3917 1193 3982 subinde
1211 3921 1349 4003 repetit,

261 4015 319 4077 nbi
334 4014 375 4078 de
392 4015 539 4082 munde
566 4015 754 4099 Philippica
773 4036 883 4100 pugna
900 4035 999 4097 egens
1017 4017 1066 4082 nit
1078 4017 1269 4100 Augustum
1292 4040 1348 4085 se·
