3067 4875
469 412 472 421 ⁴
550 405 596 483 n..
614 404 710 453 nors
733 406 911 456 sronnnn.
1246 394 1275 456 9

187 550 355 614 Bentleii:
377 550 489 626 rebus,
503 551 649 632 inquam,
664 545 730 613 iliis
744 550 860 633 optimi
874 548 992 613 Poiitae
1012 548 1182 613 honestati
1196 568 1274 632 pro·

186 670 230 733 pe
245 651 398 729 incestis,
413 670 488 714 cum
504 648 575 713 Cel.
590 649 811 728 Schwamius,
827 648 1020 727 Altorfinus,
1034 651 1275 715 interveniente

189 750 240 816 cl.
255 752 453 827 Sohanbaro,
470 750 549 813 milri
567 748 738 814 liberalius
761 751 966 833 permitteret
986 752 1095 816 oeulis
1116 770 1275 832 usurpan-

188 853 265 915 ‹lum
277 853 468 935 primarium
477 851 558 915 illnd
569 850 698 915 Manilii
709 852 882 935 exemplar
892 851 1161 933 Regiomontani.
1195 852 1275 931 Quo

189 954 320 1037 quidem
341 952 503 1017 beneficio
519 952 666 1029 dubium,
690 972 732 1017 an
754 954 932 1035 qnisquam
956 954 1078 1038 majore
1099 954 1276 1018 Manilium

189 1054 244 1117 vel
271 1052 567 1135 Regiomontanum
591 1055 645 1117 vel
665 1074 781 1118 omnes
805 1055 918 1119 irarum
940 1055 1108 1119 literamm
1134 1055 1277 1139 cupidos

189 1173 304 1218 ornare
323 1156 481 1237 potuerit.
525 1154 605 1219 Hoc
626 1162 760 1231 eertum,
774 1155 955 1219 maximam
970 1155 1060 1238 apud
1074 1175 1126 1219 mc
1138 1158 1277 1237 gratiam

189 1256 307 1319 iniisse
326 1256 431 1319 virum
454 1256 741 1341 humanissimum,
768 1257 826 1339 qni
851 1257 945 1320 aurei
971 1257 1064 1320 illius
1089 1255 1190 1320 libelli
1212 1276 1277 1321 usu

190 1362 319 1421 tantum
335 1358 413 1421 milri
428 1356 510 1421 iecit
523 1356 583 1421 otii
599 1356 775 1421 Manilium
789 1357 1025 1440 interpretanti,
1042 1364 1201 1440 quantum
1221 1358 1278 1424 hio

191 1456 280 1534 aliis,
305 1457 571 1539 Regiomontano
590 1476 658 1521 non
681 1458 891 1540 praelucente,
906 1459 1130 1523 molestissimi
1151 1459 1277 1523 laboris

191 1560 328 1621 creavit.
372 1556 452 1635 Quo
473 1559 578 1639 magis
602 1557 799 1635 mirandum,
824 1566 878 1623 tot
900 1559 1051 1623 oculatos
1075 1560 1178 1635 viros,
1204 1560 1279 1625 Ma·

190 1657 262 1722 nilii
287 1660 485 1742 interpretes
506 1678 544 1723 se
566 1660 745 1741 professos,
779 1658 916 1723 infinitis
952 1661 987 1724 in
1020 1661 1167 1724 carmine
1192 1662 1278 1726 locis

192 1760 350 1824 ementire
379 1761 548 1836 maluisse,
573 1780 674 1843 qnam
702 1761 801 1843 primi
830 1766 863 1824 et
891 1761 1159 1843 prestantissimi
1188 1762 1280 1827 iliius

191 1860 341 1925 Editoris
354 1861 534 1926 luminibus
548 1861 671 1937 videre,
687 1861 779 1945 qnod
794 1868 931 1939 rectum,
943 1880 1070 1940 verum,
1086 1881 1204 1926 sanum
1218 1870 1280 1940 est,

191 1970 226 2027 et
255 1964 298 2026 ab
327 1964 435 2045 ipsius
462 1961 581 2027 Poene
607 1981 709 2026 mann
737 1963 932 2046 proiectum.
977 1962 1057 2026 Hoc
1082 1963 1169 2027 euim
1199 1963 1281 2027 mihi

192 2066 324 2127 omnino
353 2082 559 2147 persuasum,
587 2064 734 2128 omnium
762 2064 902 2148 primam
931 2082 1006 2127 esse
1028 2064 1281 2145 Regiomontani

192 2164 381 2241 editionem,
397 2164 440 2229 ad
456 2184 577 2237 annum
599 2166 731 2229 scilicet
756 2166 849 2229 1472.
871 2162 1085 2240 referendam,
1102 2165 1192 2246 quod
1213 2168 1282 2230 evi·

193 2265 397 2331 acutissimis
412 2267 614 2348 argumentis
629 2267 732 2332 evicit
742 2267 827 2331 inter
836 2284 966 2349 pancos
977 2264 1193 2347 dignissimus
1206 2267 1281 2349 ejus

195 2533 228 2584 rir
247 2536 332 2586 verbi·
350 2537 376 2586 in
398 2535 507 2587 Prnt‘nt.
525 2537 558 2586 nd
579 2536 664 2601 patrui
681 2535 720 2586 roi
757 2536 821 2601 legit
837 2542 865 2588 at
882 2537 964 2587 tribus
976 2535 1282 2600 saepenominatam

193 2609 333 2661 editionem
341 2611 721 2676 Carminirlilnnilianipngdi.
757 2613 919 2663 inhominem
928 2612 1283 2674 manibusversabntnr,pub·

225 2683 236 2718 ¹
249 2686 382 2748 Omnium,
390 2703 454 2752 quor
462 2689 531 2748 nori,
541 2687 682 2737 diutissime
694 2687 720 2737 ln
756 2689 846 2738 licerit
856 2690 897 2740 ci.
906 2689 1087 2750 Menckcninn
1093 2687 1213 2751 postlata
1220 2701 1283 2752 qno·

195 2760 351 2812 elaborando
362 2777 422 2812 vero
438 2777 503 2813 noro
515 2763 616 2812 Manilii
629 2763 719 2812 Antro-
757 2778 807 2827 qne
815 2762 923 2814 tentoria
934 2772 962 2813 et
973 2765 1048 2814 amici
1056 2764 1158 2814 nominc
1169 2764 1230 2812 milri
1241 2777 1284 2812 eo·

195 2837 295 2886 nomino
303 2845 418 2888 versatur
428 2847 467 2887 ert
476 2839 522 2888 Vir
530 2837 652 2887 odarum
660 2837 720 2888 doc·
757 2839 857 2898 lendnr,
876 2841 920 2905 qni
940 2841 966 2890 in
987 2841 1101 2889 Mieccii.
1121 2840 1192 2889 noris
1214 2839 1286 2901 lips.

195 2920 236 2962 tna
254 2913 329 2962 Rich.
348 2913 491 2963 Bentleiur.
521 2915 648 2964 Nimirum
669 2915 721 2969 ilic,
758 2917 807 2964 rol.
822 2929 841 2964 r.
853 2924 920 2979 part.
933 2919 958 2965 Ξ.
970 2929 1028 2979 pag.
1038 2919 1095 2964 218.
1107 2914 1224 2978 epistola
1233 2912 1283 2961 Ca·

195 3001 249 3040 rent
270 2989 343 3053 qnasi
371 2988 517 3040 cunctando
548 2991 721 3053 restituturus,
759 2991 800 3042 vei
821 2992 854 3041 nn
869 2993 896 3041 u.
914 2997 938 3042 t.
956 2992 1027 3041 Non.
1044 2990 1126 3040 Mart.
1147 2992 1210 3050 loa}
1228 3001 1285 3050 pcr-

195 3063 336 3114 ctiitioocnr
345 3079 411 3115 anno
421 3066 559 3129 superioria
570 3067 655 3116 accoli
667 3064 721 3116 iore
758 3070 873 3132 scripta,
883 3082 933 3134 qna
943 3081 992 3117 aro
1002 3081 1049 3116 ruo
1056 3066 1149 3117 ottoni
1160 3067 1228 3115 inter
1235 3063 1286 3113 alin

196 3143 357 3204 nonagesimo
384 3142 466 3204 primo
494 3151 640 3204 susceptam
662 3155 722 3202 non,
760 3145 898 3208 significat,
914 3144 1008 3194 ι1111111.
1026 3143 1183 3201 eternium,
1202 3141 1285 3189 virum

191 3219 270 3282 juxte
287 3217 349 3266 illuri
367 3215 722 3278 Poerae‚non11mpreciittn
759 3220 827 3268 irnnd
848 3219 990 3280 vulgariter
1010 3218 1124 3279 doctum,
1150 3216 1285 3287 Manilium

195 3305 301 3352 annum,
313 3291 357 3340 red
369 3305 434 3340 nuno
445 3291 546 3340 demntn
567 3294 637 3340 1189.
648 3291 673 3340 in
685 3293 722 3341 in·
760 3295 836 3357 longe
846 3294 1027 3344 correctiorem
1046 3293 1135 3342 latine
1150 3290 1287 3352 dctumm,'

196 3381 252 3416 cem
265 3367 369 3430 prodire
377 3366 466 3430 jussit,
476 3367 583 3430 ejusque
594 3364 725 3426 curanda,
760 3371 826 3420 lrnnc
835 3369 948 3434 subjecit
956 3369 1162 3419 annotationem:
1180 3366 1288 3428 illidor,

197 3442 268 3490 nenio
282 3442 338 3504 jam
358 3439 503 3502 coniectus,
523 3453 570 3489 ruo
589 3454 622 3489 ex
641 3437 722 3488 i'ratra
761 3445 868 3502 Lector,
887 3457 967 3492 annor
994 3440 1050 3491 t'erc
1079 3440 1248 3505 quadraginta
1271 3454 1287 3488 ι

196 3517 334 3579 pronepoti
345 3517 477 3577 negotium
490 3515 571 3563 dedit.
601 3515 667 3564 'lum
678 3513 724 3564 rie·
762 3518 882 3567 Bentleio
901 3520 927 3567 in
942 3515 1043 3566 edendo
1060 3515 1168 3565 Manilio
1180 3514 1288 3563 derrrdn·

197 3605 265 3640 nrum
278 3591 401 3653 apparuit
418 3587 655 3653 ponitentimimnm
666 3589 724 3640 liin·
762 3600 827 3656 tnm,
838 3599 867 3641 nt
877 3593 937 3642 hinc
953 3605 1026 3654 rpem
1044 3590 1210 3652 conceperint
1222 3590 1287 3638 Ero·

196 3666 250 3716 nilii
263 3667 420 3728 exemplum,
439 3665 482 3714 illa
497 3677 550 3714 ram
566 3665 611 3714 din
623 3663 724 3714 deride·
763 3667 821 3728 oiri,
841 3681 906 3730 opor
928 3667 1031 3716 tandem
1055 3665 1214 3731 proditurum
1237 3664 1288 3712 talc

197 3749 253 3790 rata
264 3742 427 3803 omniumque
438 3740 628 3802 rotirorpetitc
638 3738 725 3791 editio.
763 3757 829 3807 erre,
843 3743 917 3808 qnnle
935 3742 1018 3792 adhuc
1035 3733 1109 3792 orbir‘
1121 3742 1225 3790 criticus
1238 3753 1287 3788 non

198 3817 240 3866 De
251 3817 298 3866 inc
310 3815 449 3865 Richterun
461 3816 478 3864 l.
488 3830 511 3865 c.
530 3815 637 3864 ‘Unum
649 3815 725 3864 modo
763 3817 864 3868 viderit.
896 3818 964 3882 Jnm,
980 3833 1038 3867 curn
1057 3817 1173 3868 manibus
1195 3815 1289 3863 nostrin

198 3900 277 3942 reutnt
291 3890 446 3951 rorandum,
457 3899 486 3940 nt
497 3891 540 3940 ilin
553 3889 654 3940 tandem
668 3904 725 3952 pro·
763 3899 917 3956 expectatur
936 3891 981 3941 diu
1002 3892 1068 3941 iiber
1087 3899 1200 3949 tenetur,
1220 3888 1287 3937 inriti

198 3968 258 4018 dent
268 3973 412 4030 expectata
423 3973 475 4015 tam
492 3965 535 4014 din
547 3965 638 4024 editio,
649 3979 725 4029 quam
762 3969 840 4031 procl
856 3975 924 4024 root,
934 3969 978 4032 qul
990 3967 1032 4016 rix
1049 3967 1214 4016 centesimam
1231 3965 1288 4028 npci

198 4041 253 4092 iore
264 4041 485 4092 accuratissimam
503 4039 725 4089 absolutirrimnm-
763 4056 817 4092 son
838 4041 970 4106 impletum
983 4055 1040 4091 cara
1059 4047 1158 4104 purtem
1176 4054 1289 4108 conque·

198 4135 256 4186 qne,
266 4120 351 4169 omnir
362 4131 431 4168 nnnc
448 4115 497 4166 niiri
509 4114 647 4178 persuadet
657 4114 725 4166 oririr
763 4116 875 4166 rnntur.’

199 4195 332 4248 eruditor)
350 4193 435 4258 llnjm
447 4200 532 4242 autom
544 4187 664 4255 suffragia
674 4192 725 4244 coi·
