<?xml version="1.0" encoding="UTF-8"?>
<!DOCTYPE html PUBLIC "-//W3C//DTD XHTML 1.0 Transitional//EN"
    "http://www.w3.org/TR/xhtml1/DTD/xhtml1-transitional.dtd">
<html xmlns="http://www.w3.org/1999/xhtml" xml:lang="en" lang="en">
 <head>
  <title>
</title>
<meta http-equiv="Content-Type" content="text/html;charset=utf-8" />
  <meta name='ocr-system' content='tesseract 3.04.00' />
  <meta name='ocr-capabilities' content='ocr_page ocr_carea ocr_par ocr_line ocrx_word'/>
</head>
<body>
  <div class='ocr_page' id='page_1' title='image "./mmaniliiastrono02manigoog/mmaniliiastrono02manigoog_0043.png"; bbox 0 0 3067 4875; ppageno 0'>
   <div class='ocr_carea' id='block_1_1' title="bbox 460 299 1254 363">
    <p class='ocr_par' dir='ltr' id='par_1_1' title="bbox 460 299 1254 363">
     <span class='ocr_line' id='line_1_1' title="bbox 460 299 1254 363; baseline 0.008 -6"><span class='ocrx_word' id='word_1_1' title='bbox 460 306 615 357; x_wconf 76' lang='lat' dir='ltr'><strong>rumora</strong></span> <span class='ocrx_word' id='word_1_2' title='bbox 639 307 685 356; x_wconf 77' lang='lat' dir='ltr'><strong>ac</strong></span> <span class='ocrx_word' id='word_1_3' title='bbox 707 305 952 361; x_wconf 75' lang='lat' dir='ltr'><strong>rssrruosre.</strong></span> <span class='ocrx_word' id='word_1_4' title='bbox 1209 299 1254 363; x_wconf 86' lang='lat' dir='ltr'><strong>al</strong></span> 
     </span>
    </p>
   </div>
   <div class='ocr_carea' id='block_1_2' title="bbox 509 517 910 568">
    <p class='ocr_par' dir='ltr' id='par_1_2' title="bbox 509 517 910 568">
     <span class='ocr_line' id='line_1_2' title="bbox 509 517 910 568; baseline 0.005 -2"><span class='ocrx_word' id='word_1_5' title='bbox 509 518 562 566; x_wconf 73' lang='lat' dir='ltr'><strong>toz</strong></span> <span class='ocrx_word' id='word_1_6' title='bbox 587 517 910 568; x_wconf 71' lang='lat' dir='ltr'><strong>unoiolsortuattus</strong></span> 
     </span>
    </p>
   </div>
   <div class='ocr_carea' id='block_1_3' title="bbox 167 631 1256 723">
    <p class='ocr_par' dir='ltr' id='par_1_3' title="bbox 167 631 1256 723">
     <span class='ocr_line' id='line_1_3' title="bbox 167 631 1256 723; baseline 0.006 -28"><span class='ocrx_word' id='word_1_7' title='bbox 167 631 481 716; x_wconf 72' lang='lat' dir='ltr'><strong>praestantissimam</strong></span> <span class='ocrx_word' id='word_1_8' title='bbox 504 632 636 697; x_wconf 79' lang='lat' dir='ltr'><strong>Manilii</strong></span> <span class='ocrx_word' id='word_1_9' title='bbox 662 634 841 699; x_wconf 80' lang='lat' dir='ltr'><strong>editionem</strong></span> <span class='ocrx_word' id='word_1_10' title='bbox 863 656 959 701; x_wconf 88' lang='lat' dir='ltr'><strong>suam</strong></span> <span class='ocrx_word' id='word_1_11' title='bbox 976 641 1162 723; x_wconf 68' lang='lat' dir='ltr'><strong>obsignavit</strong></span> <span class='ocrx_word' id='word_1_12' title='bbox 1182 637 1256 704; x_wconf 77' lang='lat' dir='ltr'><strong>his:</strong></span> 
     </span>
    </p>
   </div>
   <div class='ocr_carea' id='block_1_4' title="bbox 256 765 1087 1351">
    <p class='ocr_par' dir='ltr' id='par_1_4' title="bbox 256 765 1087 1051">
     <span class='ocr_line' id='line_1_4' title="bbox 256 765 1001 835; baseline 0.007 -6"><span class='ocrx_word' id='word_1_13' title='bbox 256 765 398 830; x_wconf 87' lang='lat' dir='ltr'><strong>Ridetur</strong></span> <span class='ocrx_word' id='word_1_14' title='bbox 410 766 528 830; x_wconf 88' lang='lat' dir='ltr'><strong>merito</strong></span> <span class='ocrx_word' id='word_1_15' title='bbox 541 766 719 831; x_wconf 85' lang='lat' dir='ltr'><strong>sciolorum</strong></span> <span class='ocrx_word' id='word_1_16' title='bbox 732 767 852 831; x_wconf 79' lang='lat' dir='ltr'><strong>insarm</strong></span> <span class='ocrx_word' id='word_1_17' title='bbox 865 775 1001 835; x_wconf 87' lang='lat' dir='ltr'><strong>caterva</strong></span> 
     </span>
     <span class='ocr_line' id='line_1_5' title="bbox 343 862 1001 953; baseline 0.009 -24"><span class='ocrx_word' id='word_1_18' title='bbox 343 865 453 949; x_wconf 82' lang='lat' dir='ltr'><strong>Vulgo</strong></span> <span class='ocrx_word' id='word_1_19' title='bbox 468 868 526 951; x_wconf 93' lang='lat' dir='ltr'><strong>qui</strong></span> <span class='ocrx_word' id='word_1_20' title='bbox 541 872 651 931; x_wconf 84' lang='lat' dir='ltr'><strong>uatum</strong></span> <span class='ocrx_word' id='word_1_21' title='bbox 667 868 800 933; x_wconf 85' lang='lat' dir='ltr'><strong>uomina</strong></span> <span class='ocrx_word' id='word_1_22' title='bbox 813 862 1001 953; x_wconf 78' lang='lat' dir='ltr'><strong>surripiunt.</strong></span> 
     </span>
     <span class='ocr_line' id='line_1_6' title="bbox 256 964 1087 1051; baseline 0.008 -21"><span class='ocrx_word' id='word_1_23' title='bbox 256 964 353 1030; x_wconf 87' lang='lat' dir='ltr'><strong>Heus</strong></span> <span class='ocrx_word' id='word_1_24' title='bbox 368 966 568 1049; x_wconf 86' lang='lat' dir='ltr'><strong>quicumque</strong></span> <span class='ocrx_word' id='word_1_25' title='bbox 582 967 665 1030; x_wconf 88' lang='lat' dir='ltr'><strong>velis</strong></span> <span class='ocrx_word' id='word_1_26' title='bbox 679 967 775 1031; x_wconf 87' lang='lat' dir='ltr'><strong>Latia</strong></span> <span class='ocrx_word' id='word_1_27' title='bbox 787 968 976 1051; x_wconf 75' lang='lat' dir='ltr'><strong>perdiscere</strong></span> <span class='ocrx_word' id='word_1_28' title='bbox 989 989 1087 1037; x_wconf 85' lang='lat' dir='ltr'><strong>musa</strong></span> 
     </span>
    </p>

    <p class='ocr_par' dir='ltr' id='par_1_5' title="bbox 259 1065 1065 1351">
     <span class='ocr_line' id='line_1_7' title="bbox 344 1065 917 1134; baseline 0.009 -5"><span class='ocrx_word' id='word_1_29' title='bbox 344 1065 497 1131; x_wconf 89' lang='lat' dir='ltr'><strong>Sidereos</strong></span> <span class='ocrx_word' id='word_1_30' title='bbox 507 1076 605 1132; x_wconf 89' lang='lat' dir='ltr'><strong>nutus</strong></span> <span class='ocrx_word' id='word_1_31' title='bbox 619 1066 733 1131; x_wconf 82' lang='lat' dir='ltr'><strong>fallere</strong></span> <span class='ocrx_word' id='word_1_32' title='bbox 747 1067 917 1134; x_wconf 88' lang='lat' dir='ltr'><strong>difficiles:</strong></span> 
     </span>
     <span class='ocr_line' id='line_1_8' title="bbox 259 1162 1065 1253; baseline 0.011 -25"><span class='ocrx_word' id='word_1_33' title='bbox 259 1162 431 1229; x_wconf 76' lang='lat' dir='ltr'><strong>Manilium</strong></span> <span class='ocrx_word' id='word_1_34' title='bbox 447 1174 580 1232; x_wconf 87' lang='lat' dir='ltr'><strong>sectare</strong></span> <span class='ocrx_word' id='word_1_35' title='bbox 594 1186 737 1251; x_wconf 70' lang='lat' dir='ltr'><strong>gravem</strong></span> <span class='ocrx_word' id='word_1_36' title='bbox 751 1168 810 1252; x_wconf 86' lang='lat' dir='ltr'><strong>qui</strong></span> <span class='ocrx_word' id='word_1_37' title='bbox 825 1174 968 1253; x_wconf 88' lang='lat' dir='ltr'><strong>tempore</strong></span> <span class='ocrx_word' id='word_1_38' title='bbox 984 1173 1065 1237; x_wconf 86' lang='lat' dir='ltr'><strong>Divi</strong></span> 
     </span>
     <span class='ocr_line' id='line_1_9' title="bbox 345 1266 1021 1351; baseline 0.009 -21"><span class='ocrx_word' id='word_1_39' title='bbox 345 1266 638 1351; x_wconf 76' lang='lat' dir='ltr'><strong>Floruitdugusti.</strong></span> <span class='ocrx_word' id='word_1_40' title='bbox 683 1267 803 1333; x_wconf 71' lang='lat' dir='ltr'><strong>Irector</strong></span> <span class='ocrx_word' id='word_1_41' title='bbox 815 1271 921 1334; x_wconf 87' lang='lat' dir='ltr'><strong>amice</strong></span> <span class='ocrx_word' id='word_1_42' title='bbox 933 1271 1021 1336; x_wconf 81' lang='lat' dir='ltr'><strong>vale.</strong></span> 
     </span>
    </p>
   </div>
   <div class='ocr_carea' id='block_1_5' title="bbox 609 1383 1258 1656">
    <p class='ocr_par' dir='ltr' id='par_1_6' title="bbox 609 1383 1258 1656">
     <span class='ocr_line' id='line_1_10' title="bbox 609 1383 1258 1475; baseline 0.017 -25"><span class='ocrx_word' id='word_1_43' title='bbox 609 1384 665 1450; x_wconf 85' lang='lat' dir='ltr'><strong>Ex</strong></span> <span class='ocrx_word' id='word_1_44' title='bbox 678 1383 810 1449; x_wconf 89' lang='lat' dir='ltr'><strong>officina</strong></span> <span class='ocrx_word' id='word_1_45' title='bbox 826 1384 849 1450; x_wconf 87' lang='lat' dir='ltr'>J</span> <span class='ocrx_word' id='word_1_46' title='bbox 851 1387 969 1452; x_wconf 90' lang='lat' dir='ltr'><strong>oannis</strong></span> <span class='ocrx_word' id='word_1_47' title='bbox 982 1388 1023 1451; x_wconf 91' lang='lat' dir='ltr'><strong>de</strong></span> <span class='ocrx_word' id='word_1_48' title='bbox 1039 1388 1258 1475; x_wconf 71' lang='lat' dir='ltr'><strong>Regiomoute</strong></span> 
     </span>
     <span class='ocr_line' id='line_1_11' title="bbox 650 1484 1258 1579; baseline 0.02 -30"><span class='ocrx_word' id='word_1_49' title='bbox 650 1484 1258 1579; x_wconf 66' lang='lat' dir='ltr'><strong>babitantisiuNmembergaoppido</strong></span> 
     </span>
     <span class='ocr_line' id='line_1_12' title="bbox 653 1585 1130 1656; baseline 0.006 -4"><span class='ocrx_word' id='word_1_50' title='bbox 653 1585 844 1653; x_wconf 79' lang='lat' dir='ltr'><strong>Gemanica</strong></span> <span class='ocrx_word' id='word_1_51' title='bbox 859 1587 1130 1656; x_wconf 81' lang='lat' dir='ltr'><strong>celebratissima.</strong></span> 
     </span>
    </p>
   </div>
   <div class='ocr_carea' id='block_1_6' title="bbox 541 1814 889 1873">
    <p class='ocr_par' dir='ltr' id='par_1_7' title="bbox 541 1814 889 1873">
     <span class='ocr_line' id='line_1_13' title="bbox 541 1814 889 1873; baseline 0.011 -4"><span class='ocrx_word' id='word_1_52' title='bbox 541 1814 665 1871; x_wconf 77' lang='lat' dir='ltr'>ALDUS</span> <span class='ocrx_word' id='word_1_53' title='bbox 690 1814 889 1873; x_wconf 71' lang='lat' dir='ltr'><strong>malumus</strong></span> 
     </span>
    </p>
   </div>
   <div class='ocr_carea' id='block_1_7' title="bbox 366 1936 1078 2027">
    <p class='ocr_par' dir='ltr' id='par_1_8' title="bbox 366 1936 1078 2027">
     <span class='ocr_line' id='line_1_14' title="bbox 366 1936 1078 2027; baseline 0.007 -25"><span class='ocrx_word' id='word_1_54' title='bbox 366 1936 421 2019; x_wconf 83' lang='lat' dir='ltr'><strong>Ad</strong></span> <span class='ocrx_word' id='word_1_55' title='bbox 435 1938 561 2004; x_wconf 88' lang='lat' dir='ltr'><strong>calcem</strong></span> <span class='ocrx_word' id='word_1_56' title='bbox 578 1939 746 2004; x_wconf 89' lang='lat' dir='ltr'><strong>Editionis</strong></span> <span class='ocrx_word' id='word_1_57' title='bbox 760 1958 832 2005; x_wconf 88' lang='lat' dir='ltr'><strong>suae</strong></span> <span class='ocrx_word' id='word_1_58' title='bbox 849 1956 933 2009; x_wconf 86' lang='lat' dir='ltr'><strong>uro.</strong></span> <span class='ocrx_word' id='word_1_59' title='bbox 946 1940 1078 2027; x_wconf 82' lang='grc'><strong>(1499.)</strong></span> 
     </span>
    </p>
   </div>
   <div class='ocr_carea' id='block_1_8' title="bbox 128 2054 1348 3552">
    <p class='ocr_par' dir='ltr' id='par_1_9' title="bbox 162 2054 1348 3446">
     <span class='ocr_line' id='line_1_15' title="bbox 218 2054 1261 2143; baseline 0.007 -23"><span class='ocrx_word' id='word_1_60' title='bbox 218 2054 357 2121; x_wconf 88' lang='lat' dir='ltr'><strong>Marcus</strong></span> <span class='ocrx_word' id='word_1_61' title='bbox 380 2054 542 2120; x_wconf 77' lang='lat' dir='ltr'><strong>Manilius</strong></span> <span class='ocrx_word' id='word_1_62' title='bbox 564 2056 834 2136; x_wconf 86' lang='lat' dir='ltr'><strong>Mathematicus,</strong></span> <span class='ocrx_word' id='word_1_63' title='bbox 855 2058 952 2142; x_wconf 84' lang='lat' dir='ltr'><strong>cujus</strong></span> <span class='ocrx_word' id='word_1_64' title='bbox 975 2066 1069 2124; x_wconf 82' lang='lat' dir='ltr'><strong>artat</strong></span> <span class='ocrx_word' id='word_1_65' title='bbox 1090 2077 1176 2143; x_wconf 88' lang='lat' dir='ltr'><strong>opus</strong></span> <span class='ocrx_word' id='word_1_66' title='bbox 1193 2062 1261 2127; x_wconf 73' lang='lat' dir='ltr'><strong>ele-</strong></span> 
     </span>
     <span class='ocr_line' id='line_1_16' title="bbox 176 2156 1261 2243; baseline 0.005 -22"><span class='ocrx_word' id='word_1_67' title='bbox 176 2158 408 2239; x_wconf 83' lang='lat' dir='ltr'><strong>gantissimum</strong></span> <span class='ocrx_word' id='word_1_68' title='bbox 421 2156 555 2221; x_wconf 89' lang='lat' dir='ltr'><strong>heroico</strong></span> <span class='ocrx_word' id='word_1_69' title='bbox 570 2158 714 2222; x_wconf 79' lang='lat' dir='ltr'><strong>carmine</strong></span> <span class='ocrx_word' id='word_1_70' title='bbox 722 2158 764 2221; x_wconf 89' lang='lat' dir='ltr'><strong>de</strong></span> <span class='ocrx_word' id='word_1_71' title='bbox 776 2157 965 2223; x_wconf 76' lang='lat' dir='ltr'><strong>matheseos</strong></span> <span class='ocrx_word' id='word_1_72' title='bbox 978 2160 1158 2243; x_wconf 87' lang='lat' dir='ltr'><strong>disciplina</strong></span> <span class='ocrx_word' id='word_1_73' title='bbox 1172 2182 1261 2226; x_wconf 93' lang='lat' dir='ltr'><strong>com·</strong></span> 
     </span>
     <span class='ocr_line' id='line_1_17' title="bbox 176 2258 1261 2343; baseline 0.006 -24"><span class='ocrx_word' id='word_1_74' title='bbox 176 2258 337 2340; x_wconf 88' lang='lat' dir='ltr'><strong>positum,</strong></span> <span class='ocrx_word' id='word_1_75' title='bbox 352 2263 468 2323; x_wconf 89' lang='lat' dir='ltr'><strong>ettam</strong></span> <span class='ocrx_word' id='word_1_76' title='bbox 490 2264 616 2321; x_wconf 90' lang='lat' dir='ltr'><strong>motum</strong></span> <span class='ocrx_word' id='word_1_77' title='bbox 631 2278 731 2342; x_wconf 90' lang='lat' dir='ltr'><strong>quam</strong></span> <span class='ocrx_word' id='word_1_78' title='bbox 750 2260 962 2343; x_wconf 89' lang='lat' dir='ltr'><strong>apotelesme,</strong></span> <span class='ocrx_word' id='word_1_79' title='bbox 977 2261 1013 2325; x_wconf 90' lang='lat' dir='ltr'><strong>id</strong></span> <span class='ocrx_word' id='word_1_80' title='bbox 1036 2269 1089 2324; x_wconf 89' lang='lat' dir='ltr'><strong>est</strong></span> <span class='ocrx_word' id='word_1_81' title='bbox 1109 2262 1261 2326; x_wconf 82' lang='lat' dir='ltr'><strong>effectum</strong></span> 
     </span>
     <span class='ocr_line' id='line_1_18' title="bbox 178 2356 1262 2446; baseline 0.006 -26"><span class='ocrx_word' id='word_1_82' title='bbox 178 2357 345 2423; x_wconf 89' lang='lat' dir='ltr'><strong>stellarum</strong></span> <span class='ocrx_word' id='word_1_83' title='bbox 360 2358 543 2438; x_wconf 87' lang='lat' dir='ltr'><strong>continens,</strong></span> <span class='ocrx_word' id='word_1_84' title='bbox 557 2357 669 2423; x_wconf 87' lang='lat' dir='ltr'><strong>floruit</strong></span> <span class='ocrx_word' id='word_1_85' title='bbox 683 2356 830 2440; x_wconf 79' lang='lat' dir='ltr'><strong>Augusti</strong></span> <span class='ocrx_word' id='word_1_86' title='bbox 841 2359 1066 2442; x_wconf 77' lang='lat' dir='ltr'><strong>temporibus3</strong></span> <span class='ocrx_word' id='word_1_87' title='bbox 1082 2360 1174 2443; x_wconf 88' lang='lat' dir='ltr'><strong>quod</strong></span> <span class='ocrx_word' id='word_1_88' title='bbox 1188 2363 1262 2446; x_wconf 88' lang='lat' dir='ltr'><strong>ipse</strong></span> 
     </span>
     <span class='ocr_line' id='line_1_19' title="bbox 178 2459 1262 2544; baseline 0.006 -22"><span class='ocrx_word' id='word_1_89' title='bbox 178 2459 212 2522; x_wconf 93' lang='lat' dir='ltr'><strong>in</strong></span> <span class='ocrx_word' id='word_1_90' title='bbox 225 2461 390 2544; x_wconf 90' lang='lat' dir='ltr'><strong>principio</strong></span> <span class='ocrx_word' id='word_1_91' title='bbox 411 2459 510 2544; x_wconf 87' lang='lat' dir='ltr'><strong>bujus</strong></span> <span class='ocrx_word' id='word_1_92' title='bbox 528 2460 641 2544; x_wconf 88' lang='lat' dir='ltr'><strong>operis</strong></span> <span class='ocrx_word' id='word_1_93' title='bbox 661 2461 800 2539; x_wconf 85' lang='lat' dir='ltr'><strong>indicat,</strong></span> <span class='ocrx_word' id='word_1_94' title='bbox 820 2469 857 2525; x_wconf 87' lang='lat' dir='ltr'><strong>et</strong></span> <span class='ocrx_word' id='word_1_95' title='bbox 879 2460 1005 2524; x_wconf 88' lang='lat' dir='ltr'><strong>Plinius</strong></span> <span class='ocrx_word' id='word_1_96' title='bbox 1020 2466 1170 2540; x_wconf 86' lang='lat' dir='ltr'><strong>testatur,</strong></span> <span class='ocrx_word' id='word_1_97' title='bbox 1185 2482 1262 2528; x_wconf 90' lang='lat' dir='ltr'><strong>cum</strong></span> 
     </span>
     <span class='ocr_line' id='line_1_20' title="bbox 162 2553 1348 2644; baseline 0.008 -26"><span class='ocrx_word' id='word_1_98' title='bbox 162 2559 273 2624; x_wconf 76' lang='lat' dir='ltr'><strong>‚refert</strong></span> <span class='ocrx_word' id='word_1_99' title='bbox 296 2561 462 2644; x_wconf 81' lang='lat' dir='ltr'><strong>trigesimo</strong></span> <span class='ocrx_word' id='word_1_100' title='bbox 478 2567 576 2626; x_wconf 83' lang='lat' dir='ltr'><strong>sexto</strong></span> <span class='ocrx_word' id='word_1_101' title='bbox 599 2561 685 2625; x_wconf 91' lang='lat' dir='ltr'><strong>libro</strong></span> <span class='ocrx_word' id='word_1_102' title='bbox 701 2559 875 2626; x_wconf 88' lang='lat' dir='ltr'><strong>Naturalis</strong></span> <span class='ocrx_word' id='word_1_103' title='bbox 891 2559 1066 2637; x_wconf 76' lang='lat' dir='ltr'><strong>Historiae,</strong></span> <span class='ocrx_word' id='word_1_104' title='bbox 1085 2559 1262 2644; x_wconf 84' lang='lat' dir='ltr'><strong>cujusdam</strong></span> <span class='ocrx_word' id='word_1_105' title='bbox 1346 2553 1348 2557; x_wconf 60' lang='grc'>’</span> 
     </span>
     <span class='ocr_line' id='line_1_21' title="bbox 179 2661 1262 2746; baseline 0.001 -21"><span class='ocrx_word' id='word_1_106' title='bbox 179 2661 317 2727; x_wconf 84' lang='lat' dir='ltr'><strong>obelisci</strong></span> <span class='ocrx_word' id='word_1_107' title='bbox 347 2662 508 2726; x_wconf 88' lang='lat' dir='ltr'><strong>cacumini</strong></span> <span class='ocrx_word' id='word_1_108' title='bbox 532 2681 591 2746; x_wconf 89' lang='lat' dir='ltr'><strong>per</strong></span> <span class='ocrx_word' id='word_1_109' title='bbox 614 2661 790 2726; x_wconf 85' lang='lat' dir='ltr'><strong>Manilium</strong></span> <span class='ocrx_word' id='word_1_110' title='bbox 815 2661 1084 2726; x_wconf 82' lang='lat' dir='ltr'><strong>mathematicum</strong></span> <span class='ocrx_word' id='word_1_111' title='bbox 1113 2667 1262 2727; x_wconf 75' lang='lat' dir='ltr'><strong>auratam</strong></span> 
     </span>
     <span class='ocr_line' id='line_1_22' title="bbox 178 2761 1262 2846; baseline -0.003 -20"><span class='ocrx_word' id='word_1_112' title='bbox 178 2763 285 2846; x_wconf 92' lang='lat' dir='ltr'><strong>pilam</strong></span> <span class='ocrx_word' id='word_1_113' title='bbox 305 2761 411 2827; x_wconf 83' lang='lat' dir='ltr'><strong>fuisse</strong></span> <span class='ocrx_word' id='word_1_114' title='bbox 432 2761 580 2826; x_wconf 89' lang='lat' dir='ltr'><strong>additam</strong></span> <span class='ocrx_word' id='word_1_115' title='bbox 603 2761 647 2826; x_wconf 87' lang='lat' dir='ltr'><strong>ad</strong></span> <span class='ocrx_word' id='word_1_116' title='bbox 668 2762 928 2844; x_wconf 83' lang='lat' dir='ltr'><strong>dignoscendum</strong></span> <span class='ocrx_word' id='word_1_117' title='bbox 941 2762 1094 2826; x_wconf 88' lang='lat' dir='ltr'><strong>horarum</strong></span> <span class='ocrx_word' id='word_1_118' title='bbox 1107 2763 1262 2828; x_wconf 91' lang='lat' dir='ltr'><strong>rationes.</strong></span> 
     </span>
     <span class='ocr_line' id='line_1_23' title="bbox 180 2861 1263 2946; baseline 0.002 -20"><span class='ocrx_word' id='word_1_119' title='bbox 180 2863 225 2927; x_wconf 86' lang='lat' dir='ltr'><strong>Et</strong></span> <span class='ocrx_word' id='word_1_120' title='bbox 240 2863 367 2946; x_wconf 89' lang='lat' dir='ltr'><strong>primus</strong></span> <span class='ocrx_word' id='word_1_121' title='bbox 381 2863 523 2926; x_wconf 89' lang='lat' dir='ltr'><strong>omnium</strong></span> <span class='ocrx_word' id='word_1_122' title='bbox 547 2861 740 2926; x_wconf 87' lang='lat' dir='ltr'><strong>Latinorum</strong></span> <span class='ocrx_word' id='word_1_123' title='bbox 764 2863 806 2926; x_wconf 90' lang='lat' dir='ltr'><strong>de</strong></span> <span class='ocrx_word' id='word_1_124' title='bbox 828 2862 931 2926; x_wconf 89' lang='lat' dir='ltr'><strong>astris</strong></span> <span class='ocrx_word' id='word_1_125' title='bbox 954 2862 1095 2924; x_wconf 91' lang='lat' dir='ltr'><strong>carmine</strong></span> <span class='ocrx_word' id='word_1_126' title='bbox 1117 2864 1263 2945; x_wconf 84' lang='lat' dir='ltr'><strong>scripsit.</strong></span> 
     </span>
     <span class='ocr_line' id='line_1_24' title="bbox 180 2961 1264 3046; baseline -0.002 -17"><span class='ocrx_word' id='word_1_127' title='bbox 180 2963 391 3029; x_wconf 85' lang='lat' dir='ltr'><strong>Etideonou</strong></span> <span class='ocrx_word' id='word_1_128' title='bbox 405 2963 580 3041; x_wconf 88' lang='lat' dir='ltr'><strong>immerito,</strong></span> <span class='ocrx_word' id='word_1_129' title='bbox 605 2983 681 3027; x_wconf 93' lang='lat' dir='ltr'><strong>cum</strong></span> <span class='ocrx_word' id='word_1_130' title='bbox 703 2965 738 3028; x_wconf 94' lang='lat' dir='ltr'><strong>iu</strong></span> <span class='ocrx_word' id='word_1_131' title='bbox 762 2964 912 3046; x_wconf 89' lang='lat' dir='ltr'><strong>pluribus</strong></span> <span class='ocrx_word' id='word_1_132' title='bbox 933 2961 1033 3044; x_wconf 84' lang='lat' dir='ltr'><strong>bujus</strong></span> <span class='ocrx_word' id='word_1_133' title='bbox 1056 2963 1165 3045; x_wconf 92' lang='lat' dir='ltr'><strong>operis</strong></span> <span class='ocrx_word' id='word_1_134' title='bbox 1178 2962 1264 3029; x_wconf 90' lang='lat' dir='ltr'><strong>locis</strong></span> 
     </span>
     <span class='ocr_line' id='line_1_25' title="bbox 180 3059 1264 3147; baseline -0.001 -17"><span class='ocrx_word' id='word_1_135' title='bbox 180 3064 301 3130; x_wconf 89' lang='lat' dir='ltr'><strong>deboc</strong></span> <span class='ocrx_word' id='word_1_136' title='bbox 316 3064 461 3128; x_wconf 86' lang='lat' dir='ltr'><strong>maxime</strong></span> <span class='ocrx_word' id='word_1_137' title='bbox 476 3062 642 3144; x_wconf 81' lang='lat' dir='ltr'><strong>glorietur,</strong></span> <span class='ocrx_word' id='word_1_138' title='bbox 656 3064 808 3129; x_wconf 84' lang='lat' dir='ltr'><strong>ferendus</strong></span> <span class='ocrx_word' id='word_1_139' title='bbox 825 3069 888 3127; x_wconf 91' lang='lat' dir='ltr'><strong>est.</strong></span> <span class='ocrx_word' id='word_1_140' title='bbox 911 3059 990 3126; x_wconf 89' lang='lat' dir='ltr'><strong>Non</strong></span> <span class='ocrx_word' id='word_1_141' title='bbox 1000 3068 1053 3125; x_wconf 91' lang='lat' dir='ltr'><strong>est</strong></span> <span class='ocrx_word' id='word_1_142' title='bbox 1067 3063 1155 3127; x_wconf 90' lang='lat' dir='ltr'><strong>euim</strong></span> <span class='ocrx_word' id='word_1_143' title='bbox 1170 3066 1264 3147; x_wconf 83' lang='lat' dir='ltr'><strong>parsi</strong></span> 
     </span>
     <span class='ocr_line' id='line_1_26' title="bbox 180 3161 1265 3244; baseline -0.002 -14"><span class='ocrx_word' id='word_1_144' title='bbox 180 3166 304 3230; x_wconf 82' lang='lat' dir='ltr'><strong>laboris</strong></span> <span class='ocrx_word' id='word_1_145' title='bbox 317 3170 351 3228; x_wconf 91' lang='lat' dir='ltr'><strong>et</strong></span> <span class='ocrx_word' id='word_1_146' title='bbox 369 3163 504 3244; x_wconf 79' lang='lat' dir='ltr'><strong>ingenii,</strong></span> <span class='ocrx_word' id='word_1_147' title='bbox 521 3182 574 3228; x_wconf 87' lang='lat' dir='ltr'><strong>res</strong></span> <span class='ocrx_word' id='word_1_148' title='bbox 589 3164 638 3228; x_wconf 90' lang='lat' dir='ltr'><strong>ita</strong></span> <span class='ocrx_word' id='word_1_149' title='bbox 652 3161 804 3228; x_wconf 88' lang='lat' dir='ltr'><strong>difficiles</strong></span> <span class='ocrx_word' id='word_1_150' title='bbox 824 3162 971 3228; x_wconf 90' lang='lat' dir='ltr'><strong>carmine</strong></span> <span class='ocrx_word' id='word_1_151' title='bbox 989 3161 1075 3226; x_wconf 90' lang='lat' dir='ltr'><strong>adeo</strong></span> <span class='ocrx_word' id='word_1_152' title='bbox 1096 3168 1184 3244; x_wconf 78' lang='lat' dir='ltr'><strong>apte,</strong></span> <span class='ocrx_word' id='word_1_153' title='bbox 1199 3162 1265 3228; x_wconf 85' lang='lat' dir='ltr'><strong>La-</strong></span> 
     </span>
     <span class='ocr_line' id='line_1_27' title="bbox 181 3262 1265 3347; baseline -0.005 -14"><span class='ocrx_word' id='word_1_154' title='bbox 181 3268 260 3345; x_wconf 89' lang='lat' dir='ltr'><strong>tine,</strong></span> <span class='ocrx_word' id='word_1_155' title='bbox 271 3263 644 3347; x_wconf 81' lang='lat' dir='ltr'><strong>dilucideexplicuisse‚&#39;</strong></span> <span class='ocrx_word' id='word_1_156' title='bbox 658 3273 698 3329; x_wconf 94' lang='lat' dir='ltr'><strong>ut</strong></span> <span class='ocrx_word' id='word_1_157' title='bbox 710 3265 824 3330; x_wconf 87' lang='lat' dir='ltr'><strong>noster</strong></span> <span class='ocrx_word' id='word_1_158' title='bbox 836 3263 892 3328; x_wconf 89' lang='lat' dir='ltr'><strong>bic</strong></span> <span class='ocrx_word' id='word_1_159' title='bbox 901 3263 1062 3326; x_wconf 88' lang='lat' dir='ltr'><strong>Manilius</strong></span> <span class='ocrx_word' id='word_1_160' title='bbox 1075 3262 1172 3327; x_wconf 81' lang='lat' dir='ltr'><strong>fecit:</strong></span> <span class='ocrx_word' id='word_1_161' title='bbox 1188 3283 1265 3328; x_wconf 91' lang='lat' dir='ltr'><strong>cum</strong></span> 
     </span>
     <span class='ocr_line' id='line_1_28' title="bbox 182 3362 1265 3446; baseline -0.005 -14"><span class='ocrx_word' id='word_1_162' title='bbox 182 3368 268 3432; x_wconf 85' lang='lat' dir='ltr'><strong>euim</strong></span> <span class='ocrx_word' id='word_1_163' title='bbox 284 3367 351 3432; x_wconf 87' lang='lat' dir='ltr'><strong>ista</strong></span> <span class='ocrx_word' id='word_1_164' title='bbox 363 3385 430 3430; x_wconf 92' lang='lat' dir='ltr'><strong>nou</strong></span> <span class='ocrx_word' id='word_1_165' title='bbox 444 3367 616 3442; x_wconf 73' lang='lat' dir='ltr'><strong>mesenus,</strong></span> <span class='ocrx_word' id='word_1_166' title='bbox 637 3366 785 3431; x_wconf 79' lang='lat' dir='ltr'><strong>voluisse</strong></span> <span class='ocrx_word' id='word_1_167' title='bbox 810 3372 933 3441; x_wconf 86' lang='lat' dir='ltr'><strong>tumen,</strong></span> <span class='ocrx_word' id='word_1_168' title='bbox 947 3362 1077 3428; x_wconf 87' lang='lat' dir='ltr'><strong>abunde</strong></span> <span class='ocrx_word' id='word_1_169' title='bbox 1092 3363 1265 3446; x_wconf 82' lang='lat' dir='ltr'><strong>pulchrum</strong></span> 
     </span>
    </p>

    <p class='ocr_par' dir='ltr' id='par_1_10' title="bbox 128 3464 579 3552">
     <span class='ocr_line' id='line_1_29' title="bbox 128 3464 579 3552; baseline -0.009 -19"><span class='ocrx_word' id='word_1_170' title='bbox 128 3465 132 3472; x_wconf 82' lang='grc'><strong>’</strong></span> <span class='ocrx_word' id='word_1_171' title='bbox 183 3474 284 3552; x_wconf 83' lang='lat' dir='ltr'><strong>atque</strong></span> <span class='ocrx_word' id='word_1_172' title='bbox 298 3464 510 3550; x_wconf 75' lang='lat' dir='ltr'><strong>magnificum</strong></span> <span class='ocrx_word' id='word_1_173' title='bbox 526 3466 579 3530; x_wconf 89' lang='lat' dir='ltr'><strong>sit.</strong></span> 
     </span>
    </p>
   </div>
   <div class='ocr_carea' id='block_1_9' title="bbox 563 3693 884 3750">
    <p class='ocr_par' dir='ltr' id='par_1_11' title="bbox 563 3693 884 3750">
     <span class='ocr_line' id='line_1_30' title="bbox 563 3693 884 3750; baseline -0.019 0"><span class='ocrx_word' id='word_1_174' title='bbox 563 3695 646 3750; x_wconf 77' lang='lat' dir='ltr'><strong>toll.</strong></span> <span class='ocrx_word' id='word_1_175' title='bbox 670 3695 776 3749; x_wconf 59' lang='lat' dir='ltr'><strong>aluit</strong></span> <span class='ocrx_word' id='word_1_176' title='bbox 798 3693 884 3745; x_wconf 78' lang='lat' dir='ltr'><strong>Plus</strong></span> 
     </span>
    </p>
   </div>
   <div class='ocr_carea' id='block_1_10' title="bbox 397 3810 1046 3900">
    <p class='ocr_par' dir='ltr' id='par_1_12' title="bbox 397 3810 1046 3900">
     <span class='ocr_line' id='line_1_31' title="bbox 397 3810 1046 3900; baseline -0.014 -16"><span class='ocrx_word' id='word_1_177' title='bbox 397 3810 518 3883; x_wconf 81' lang='lat' dir='ltr'><strong>Aunot.</strong></span> <span class='ocrx_word' id='word_1_178' title='bbox 533 3818 661 3883; x_wconf 91' lang='lat' dir='ltr'><strong>Poster.</strong></span> <span class='ocrx_word' id='word_1_179' title='bbox 676 3815 803 3900; x_wconf 81' lang='lat' dir='ltr'><strong>Syllog.</strong></span> <span class='ocrx_word' id='word_1_180' title='bbox 821 3830 879 3877; x_wconf 83' lang='lat'>111.</span> <span class='ocrx_word' id='word_1_181' title='bbox 893 3812 978 3896; x_wconf 84' lang='lat' dir='ltr'><strong>Gap.</strong></span> <span class='ocrx_word' id='word_1_182' title='bbox 992 3810 1046 3877; x_wconf 81' lang='lat'><strong>1⁷.</strong></span> 
     </span>
    </p>
   </div>
   <div class='ocr_carea' id='block_1_11' title="bbox 187 3940 1268 4140">
    <p class='ocr_par' dir='ltr' id='par_1_13' title="bbox 187 3940 1268 4140">
     <span class='ocr_line' id='line_1_32' title="bbox 226 3940 1266 4021; baseline -0.014 -2"><span class='ocrx_word' id='word_1_183' title='bbox 226 3952 388 4021; x_wconf 85' lang='lat' dir='ltr'><strong>Manilius</strong></span> <span class='ocrx_word' id='word_1_184' title='bbox 413 3952 561 4018; x_wconf 77' lang='lat' dir='ltr'><strong>scientiae</strong></span> <span class='ocrx_word' id='word_1_185' title='bbox 592 3949 744 4016; x_wconf 87' lang='lat' dir='ltr'><strong>sideralis</strong></span> <span class='ocrx_word' id='word_1_186' title='bbox 770 3952 804 4012; x_wconf 90' lang='lat' dir='ltr'><strong>et</strong></span> <span class='ocrx_word' id='word_1_187' title='bbox 831 3944 1074 4012; x_wconf 84' lang='lat' dir='ltr'><strong>Astronoruicee</strong></span> <span class='ocrx_word' id='word_1_188' title='bbox 1101 3940 1266 4006; x_wconf 83' lang='lat' dir='ltr'><strong>maximus</strong></span> 
     </span>
     <span class='ocr_line' id='line_1_33' title="bbox 187 4043 1268 4140; baseline -0.018 -15"><span class='ocrx_word' id='word_1_189' title='bbox 187 4059 348 4140; x_wconf 77' lang='lat' dir='ltr'><strong>professor</strong></span> <span class='ocrx_word' id='word_1_190' title='bbox 369 4063 405 4121; x_wconf 89' lang='lat' dir='ltr'><strong>et</strong></span> <span class='ocrx_word' id='word_1_191' title='bbox 422 4056 557 4121; x_wconf 88' lang='lat' dir='ltr'><strong>antistes</strong></span> <span class='ocrx_word' id='word_1_192' title='bbox 579 4055 684 4119; x_wconf 84' lang='lat' dir='ltr'><strong>multa</strong></span> <span class='ocrx_word' id='word_1_193' title='bbox 706 4049 807 4118; x_wconf 84' lang='lat' dir='ltr'><strong>nitide</strong></span> <span class='ocrx_word' id='word_1_194' title='bbox 832 4047 968 4129; x_wconf 84' lang='lat' dir='ltr'><strong>scripsit</strong></span> <span class='ocrx_word' id='word_1_195' title='bbox 986 4051 1019 4110; x_wconf 89' lang='lat' dir='ltr'><strong>et</strong></span> <span class='ocrx_word' id='word_1_196' title='bbox 1035 4043 1172 4125; x_wconf 85' lang='lat' dir='ltr'><strong>erudite,</strong></span> <span class='ocrx_word' id='word_1_197' title='bbox 1185 4045 1268 4109; x_wconf 90' lang='lat' dir='ltr'><strong>iuter</strong></span> 
     </span>
    </p>
   </div>
   <div class='ocr_carea' id='block_1_12' title="bbox 0 0 1558 4875">
    <p class='ocr_par' dir='ltr' id='par_1_14' title="bbox 0 0 1558 4875">
     <span class='ocr_line' id='line_1_34' title="bbox 0 0 1558 4875; baseline 0 0"><span class='ocrx_word' id='word_1_198' title='bbox 0 0 1558 4875; x_wconf 95' lang='lat' dir='ltr'><strong> </strong></span> 
     </span>
    </p>
   </div>
  </div>
 </body>
</html>
