3067 4875
462 371 615 421 ructata
641 372 688 419 su
711 372 960 422 rusrruosrs.
1211 359 1256 424 38
1387 346 1393 355 ’

164 512 305 589 Nostro,
329 511 418 595 quod
442 512 563 577 nimios
587 514 620 576 iu
638 515 811 578 verborum
836 514 1023 592 iteratione,
1039 536 1115 581 cum
1138 528 1255 600 posset

162 620 219 677 aut
233 614 370 697 parcius
384 611 501 678 eadem
517 614 658 679 antella
672 614 811 699 proillis
827 635 996 699 usurpare.
1030 618 1152 701 Itaque
1164 620 1255 684 criti·
1325 597 1333 615 ’

163 734 220 778 cas
235 735 331 779 aures
347 713 513 780 offendunt
526 714 586 780 illa
600 716 698 779 totins
715 715 878 798 totiesque
893 717 1073 794 inculcata,
1089 719 1252 799 ‘Sidera,'

163 816 334 895 ‘Coelum,’
349 816 535 893 ‘Mundus’
550 822 561 853 ‘
569 836 629 900 per
639 816 805 900 Temple,'
819 821 899 901 ‘per
909 818 1050 898 Sidera,'
1064 828 1098 885 et
1110 822 1179 887 alia
1189 843 1256 889 uon

162 937 287 1001 pauca,
310 938 389 1003 quae
413 926 462 983 ter
481 925 599 1002 quater
621 919 716 985 trinis
738 921 908 1003 quaternis
922 922 1087 987 continuis
1103 926 1255 991 versibus

162 1020 308 1087 infercit.
352 1020 432 1086 Hoc
447 1040 513 1085 uon
528 1021 694 1089 mediocre
710 1022 827 1087 vitium
841 1029 893 1087 est
906 1025 941 1087 iu
956 1024 1061 1088 nitido
1081 1027 1256 1108 scriptore,

162 1124 211 1187 itu
231 1124 309 1205 puri
332 1128 410 1187 sunt
435 1124 479 1187 ab
503 1123 568 1188 hac
589 1123 668 1191 labe
696 1123 865 1206 principes
887 1123 1019 1201 Poetae,
1040 1124 1201 1206 Virgilius
1224 1133 1257 1191 et

163 1221 319 1289 Ovidius.
363 1224 444 1288 Hoc
459 1242 525 1287 uuo
544 1231 699 1308 excepto,
722 1224 805 1289 nibil
830 1225 874 1289 ad
896 1226 1135 1308 perfectionem
1157 1227 1255 1292 abso-

162 1324 223 1389 luti
238 1326 353 1409 operis
366 1326 402 1390 in
422 1325 486 1389 hoc
500 1324 650 1391 Auctore
665 1322 826 1409 requiras·
868 1325 1026 1410 Inprimis
1050 1327 1162 1391 omnia
1183 1328 1256 1411 ejus

163 1428 330 1507 prooemia
352 1434 387 1491 et
409 1426 600 1512 παρεκβάσεις
625 1433 721 1492 extra
743 1446 874 1492 omnem
898 1428 1004 1493 aleam
1028 1430 1145 1511 posita
1165 1439 1256 1493 snut.

164 1526 259 1593 Nihil
281 1528 351 1593 illis
373 1528 529 1609 divinius,
550 1528 631 1594 nihil
655 1526 838 1611 copiosius,
853 1530 999 1611 gravius,
1023 1534 1056 1593 et
1071 1530 1257 1613 'jucundius

164 1627 231 1693 dici
246 1636 371 1714 potest.

533 1781 586 1829 ιο.
610 1780 749 1828 nunov.
775 1780 884 1828 vivus

344 1882 397 1946 De
409 1879 580 1945 tradendis
596 1880 797 1963 Disciplinis
812 1880 887 1943 Lib.
905 1896 962 1944 ιιι.
976 1902 1009 1964 p.
1024 1884 1077 1946 55.

206 2014 341 2078 Manilii
359 2014 618 2080 Astronomicou
632 2016 738 2081 multa
760 2016 860 2080 habet
886 2015 928 2078 de
945 2014 1129 2081 Chaldaica
1145 2035 1258 2100 super·

163 2115 296 2181 stitione
320 2137 360 2179 uc
384 2117 533 2181 vanitate
551 2118 715 2202 inspersa.
759 2116 959 2182 Adeuudum
980 2118 1081 2199 igitur
1102 2137 1165 2182 nou
1186 2120 1257 2182 sine

158 2217 290 2299 judicio
305 2228 341 2282 et
354 2217 447 2294 duce,
462 2220 531 2302 qui,
546 2240 623 2303 quae
638 2219 818 2285 devitanda
832 2219 910 2298 sint,
924 2217 1108 2284 admoueat.

524 2406 646 2455 onnus
670 2404 901 2453 noueremus

339 2507 393 2570 De
408 2505 507 2572 Po'dt·
522 2509 598 2572 Lat.
616 2506 755 2572 Dissert.
774 2523 798 2569 1.
815 2507 899 2590 §Ml
915 2526 949 2589 p.
963 2507 1017 2570 ot.
1032 2526 1085 2590 sq.

205 2641 305 2724 Opus
321 2639 452 2704 Manilii
467 2639 726 2707 Astronomicon
741 2648 791 2706 est
804 2647 837 2705 et
850 2639 1089 2707 Genethliacon
1107 2642 1202 2708 libris
1222 2661 1255 2708 v.

165 2761 265 2806 versu
278 2742 379 2824 spico
392 2761 599 2825 expressum,
614 2750 648 2808 et
662 2745 706 2808 ab
717 2743 949 2826 AEgyptiorum
963 2742 1152 2824 disciplinis
1167 2763 1258 2825 mag·

161 2863 243 2908 nam
257 2849 385 2926 partem
399 2841 603 2928 decerptum.
649 2845 762 2910 Dictio
787 2852 889 2920 tersa,
911 2861 1017 2922 genus
1036 2842 1167 2906 dicendi
1189 2864 1258 2908 mo-

164 2945 288 3022 dicum,
304 2943 469 3027 judicium
491 2944 706 3027 exquisitum
730 2951 892 3027 promtum
915 2948 949 3007 et
969 2941 1069 3006 facile
1088 2941 1257 3025 eloquium

165 3047 200 3108 in
226 3053 420 3126 argumento
442 3043 571 3111 Latinis
592 3046 745 3110 uersibus
770 3052 867 3108 arrtca
890 3045 1060 3108 intentato.
1105 3041 1199 3119 Quin
1223 3050 1257 3109 ct

164 3146 420 3230 philosophatur
435 3146 617 3212 identidem
633 3163 700 3210 uon
715 3147 858 3210 eluntre.

670 3327 764 3373 rnulr

377 3435 521 3517 Cogitat.
535 3435 576 3500 de
592 3436 696 3500 AEtat.
710 3435 804 3518 Liug.
819 3436 892 3500 Lat
907 3455 984 3519 pag.
998 3437 1049 3499 10.

212 3567 252 3629 In
281 3565 457 3632 Manilium
483 3569 586 3652 paulo
615 3567 783 3651 obliquior
805 3568 885 3631 mihi
908 3567 1033 3630 videtur
1066 3567 1256 3650 Scioppius,

169 3669 315 3751 quodie
347 3676 509 3750 argenteae
536 3670 646 3734 aetatis
675 3669 815 3732 classem
843 3687 918 3731 eum
944 3669 1101 3743 retulerit,
1127 3686 1202 3730 cum
1223 3667 1257 3728 in

169 3789 279 3834 anrcae
301 3770 413 3834 locum
432 3777 605 3834 mereatur.
649 3770 781 3834 Etenim
802 3777 836 3832 et
857 3774 1079 3850 argumentum
1104 3765 1259 3829 difficilli-

171 3889 297 3935 morum
327 3871 418 3935 culto
447 3871 668 3954 meditatoque
695 3872 862 3953 expressit
882 3872 1038 3945 carmine,
1065 3875 1099 3931 et
1124 3867 1258 3947 scripsit

172 3971 298 4058 aliquot
313 3972 407 4036 annis
424 3979 498 4036 ante
510 3991 686 4035 excessum
703 3970 777 4034 Oct.
793 3968 951 4051 Augusti,
964 3969 1087 4032 recenti
1105 3967 1257 4029 nimirum

172 4073 278 4136 adhuc
296 4074 430 4136 vulnere
446 4072 580 4136 Varium
600 4071 720 4148 cladis,
741 4080 779 4134 ut
794 4091 838 4134 ex
855 4072 940 4134 libro
955 4070 1028 4151 ejus
1044 4068 1150 4149 primo
1164 4073 1258 4130 unta·

173 4191 253 4234 mus.

232 4275 318 4336 Delplr.
331 4278 353 4322 et
371 4273 428 4322 Ver.
442 4275 505 4322 ctus.
674 4273 758 4321 lllurril.
1173 4267 1193 4314 C
