3067 4875
558 410 595 456 n.
621 410 715 457 nuru
740 408 915 457 suessan.
1152 480 1155 490 1
1237 392 1278 456 11

193 552 348 633 religiose
362 554 474 615 serrat
489 549 659 633 archetypi
679 549 777 629 longe
791 548 987 613 vetustioris
1002 548 1227 629 scriptionem,
1241 559 1280 614 nt

193 653 278 716 vitia
292 672 428 736 qnoque
442 652 528 716 illius
542 651 673 726 referat,
690 652 732 713 ab
752 648 869 714 eadem
891 669 991 712 manu
1013 667 1131 713 rasura
1151 655 1278 727 notata,

193 754 289 816 nobis
304 771 493 833 germanum
509 752 543 814 in
560 750 693 815 modum
713 750 871 825 indicata,
886 756 922 813 et
941 751 1058 826 nostri,
1077 750 1199 833 siquid
1214 760 1278 827 est,

194 854 315 934 ingenii
329 872 393 935 ope
408 852 592 915 emendata.
636 850 743 934 Cujus
757 850 893 932 quidem
913 850 961 912 rei
982 849 1152 931 specimen
1174 849 1278 915 habes

194 954 227 1018 in
240 955 454 1017 annotatione
467 952 511 1017 ad
529 952 604 1015 Lib.
620 968 671 1017 tv,
686 950 760 1014 298.

236 1054 277 1117 In
305 1053 506 1118 recensendo
534 1060 643 1116 autem
671 1052 832 1115 editorum
863 1050 1013 1133 principe
1039 1050 1123 1114 libro
1153 1050 1279 1133 Regio·

193 1154 341 1218 montani
356 1154 471 1218 eadem
487 1172 563 1218 cum
576 1154 787 1217 accuratione
802 1156 835 1215 et
850 1152 1034 1233 integritate
1048 1153 1173 1215 versati
1188 1152 1279 1217 ride·

194 1272 274 1317 mur.

237 1354 406 1433 Quocirca
426 1356 526 1421 uobis
547 1372 668 1435 magno
689 1352 850 1436 praesidio
868 1355 932 1419 fnit
944 1354 1026 1418 alter
1041 1354 1226 1417 venantum
1241 1355 1277 1417 in

194 1456 278 1521 God.
295 1457 386 1520 histo
402 1457 571 1539 lipsiensi
585 1457 766 1520 lectionum
782 1456 896 1532 index,
919 1456 961 1518 ad
977 1456 1156 1536 marginem
1171 1454 1278 1518 Scali-

193 1557 505 1639 gero-Boeclarianaa
521 1558 697 1634 luculento,
707 1574 775 1640 quo
790 1557 934 1621 maxime
947 1556 1046 1620 nobis
1059 1575 1096 1618 se
1110 1557 1278 1637 probavit,

193 1658 282 1741 stylo
297 1659 515 1741 conscriptus.
559 1659 670 1734 Illum,
685 1659 778 1741 quod
794 1658 908 1739 pane
929 1657 1106 1721 referendae
1129 1656 1277 1739 cupidis·

192 1758 270 1823 simi
290 1758 491 1841 profitemur,
507 1757 624 1823 Celub.
645 1758 775 1821 Emasti
797 1758 897 1821 nobis
921 1756 1191 1821 subministravit.
1235 1757 1277 1820 In

193 1860 290 1944 cnjus
313 1858 464 1923 beneficii
485 1866 711 1941 augmentum,
732 1877 794 1940 pro
816 1877 880 1922 sna
892 1877 1020 1922 morum
1036 1857 1209 1935 facilitate,
1225 1860 1277 1923 rel

192 1980 260 2025 non
274 1967 422 2041 rogatus,
437 1960 568 2025 addidit
582 1961 626 2026 V.
640 1958 678 2024 G.
694 1960 873 2025 editionem
895 1958 1025 2024 Manilii
1045 1956 1166 2023 Romoe
1185 1978 1278 2023 recu·

192 2080 275 2138 sam,
298 2062 342 2125 ab
364 2062 477 2139 altera,
501 2062 573 2126 tolii
594 2061 709 2125 tormae
729 2061 902 2144 impressa,
919 2078 986 2121 non
1002 2057 1084 2121 nihil
1098 2057 1275 2121 diversam.

193 2159 304 2238 Quam
330 2163 493 2226 vellemus
519 2163 588 2225 viro
613 2161 806 2244 prodigiose
827 2160 929 2225 docto
953 2178 1015 2242 per
1037 2159 1276 2240 occupationes

192 2262 343 2326 licuisset
363 2262 526 2327 hactenus
540 2266 692 2326 exactam
712 2260 798 2326 Msti
809 2260 948 2325 Codicis
962 2259 1115 2325 notitiam
1131 2266 1165 2323 et
1177 2278 1276 2323 suum

191 2361 233 2426 de
255 2362 315 2426 illo
335 2362 502 2448 judicium
526 2364 623 2427 uobis
646 2362 908 2427 communicaret
952 2360 1031 2440 Quo
1047 2359 1178 2446 quidem
1201 2361 1276 2424 solo

192 2466 412 2548 primarioque
426 2465 525 2529 nobis
539 2463 692 2528 standum
707 2473 807 2542 asset,
821 2464 911 2546 quod
925 2482 947 2527 a
959 2464 1031 2527 viro
1053 2481 1180 2526 summe
1200 2463 1276 2527 lite-

192 2573 263 2630 rato
285 2567 412 2649 pariter
433 2584 474 2629 ac
495 2567 528 2629 iu
543 2571 707 2630 vetustate
727 2572 762 2629 at
783 2567 951 2647 probitate
971 2565 1128 2628 librorum
1144 2564 1275 2646 dignos·

191 2666 597 2743 cendaexarcitatissimo,
606 2686 670 2731 uon
684 2667 748 2730 nisi
764 2666 992 2749 aequissimam
1004 2665 1276 2746 verissimamque

190 2768 269 2832 farri
291 2769 487 2832 sententiam
511 2787 612 2850 possa
631 2767 839 2850 judicamus.
883 2763 983 2842 Quod
1008 2769 1044 2826 ut
1067 2763 1198 2827 tandem
1217 2763 1277 2828 ali·

191 2853 325 2950 quando
342 2867 395 2931 rel
410 2869 546 2950 publice
559 2869 615 2933 vel
630 2868 785 2952 privatim
804 2867 916 2941 faciat,
934 2864 1085 2946 equidem
1101 2865 1144 2926 ab
1159 2863 1276 2947 Ipsius

190 2969 407 3046 humanitate,
422 2971 542 3052 quibus
556 2971 653 3035 decet
666 2969 827 3044 formulis,
839 2968 937 3032 enixe
952 2966 1128 3030 contendo.

234 3071 375 3146 interea,
388 3089 430 3134 ne
443 3072 541 3154 plane
556 3071 695 3136 dubium
710 3071 913 3135 dimittamus
929 3069 1102 3132 Iaectorem
1116 3072 1275 3144 nostrum,

190 3169 344 3254 equidem
371 3171 413 3234 da
436 3172 495 3236 illo
524 3173 624 3237 toties
652 3171 791 3236 laudato
822 3169 950 3234 Codice
974 3169 1115 3250 collegii
1141 3169 1275 3233 Paulini

191 3271 390 3355 Lipsiensis,
408 3272 496 3336 unde
511 3275 614 3338 etiam
629 3273 792 3337 Paulinus
813 3289 1048 3352 nonnunquam
1071 3269 1177 3346 audit,
1193 3269 1274 3351 quid

191 3373 334 3438 sentiant
347 3373 571 3456 alii,qneeque
586 3380 703 3438 nostra
716 3374 760 3436 sit
773 3372 815 3435 de
828 3371 919 3435 illius
931 3370 1062 3452 ingenio
1076 3369 1274 3452 conjectura,

190 3492 251 3556 par
262 3482 314 3538 cst
329 3482 367 3539 nt
380 3475 444 3539 hoo
458 3476 525 3541 loci
540 3493 761 3558 exponamus.

233 3575 367 3659 Nempe
390 3575 441 3641 Cl.
458 3575 703 3652 Viarschrotns,
718 3593 787 3658 quo
808 3591 908 3637 nemo
930 3570 1089 3636 Codicum
1112 3571 1202 3635 illum
1224 3582 1276 3636 at·

191 3678 311 3741 tentius
330 3678 449 3760 legisse
472 3677 612 3755 videtur,
638 3674 779 3741 eundem
800 3675 907 3756 magis
932 3672 1160 3756 superstitiose
1175 3692 1275 3755 quam

191 3777 397 3843 considerate
412 3783 446 3844 et
459 3797 605 3861 expense
620 3783 754 3842 secutus
770 3783 847 3841 est.g

220 3973 234 4008 t
250 3963 412 4027 Argumenta
429 3965 463 4014 sit
483 3964 553 4014 locut
568 3963 611 4012 ille
623 3962 713 4013 Manli.
748 3963 859 4026 jndicio,
870 3963 974 4026 optime.
996 3961 1130 4009 ‘Deuotut
1142 3958 1276 4022 enim,'slc

191 4040 246 4089 bib.
256 4053 296 4090 tv.
308 4045 365 4090 ill.
383 4041 426 4088 ubi
436 4041 578 4103 volgatum,
589 4039 712 4101 ducriptu,
753 4038 836 4099 addit,
847 4037 1066 4086 ‘distributionem
1075 4050 1105 4083 ac
1117 4035 1275 4085 divisionem.

191 4115 259 4166 ttbn
277 4129 366 4164 omnes
386 4125 536 4178 agnoscunt.
567 4115 641 4164 Solus
654 4115 713 4178 Llp·
753 4113 821 4162 Vide
833 4112 939 4162 Gruter.
952 4109 983 4159 ad
995 4109 1114 4159 ciceron.
1125 4109 1158 4158 de
1170 4111 1273 4158 Senect.

191 4189 280 4240 aiensis
291 4188 349 4239 heic
359 4186 431 4239 discr.
445 4187 712 4254 Vlerscbrotiqnldern
753 4203 812 4252 cap.
821 4186 856 4239 a:
887 4185 941 4238 Sed
950 4184 988 4235 lbi
996 4185 1107 4236 Metelltl
1118 4185 1176 4234 libri
1187 4191 1276 4235 rsusut
