3067 4875
601 418 796 469 urrsrooa,
954 453 958 460 .
1221 400 1245 463 8

152 560 301 639 floreant,
317 566 386 628 tum
410 559 620 627 astronomiae
647 559 762 624 studia
785 560 892 623 multo
912 565 1004 623 certe
1028 574 1130 640 quem
1144 562 1243 622 untes

152 662 337 745 impensius
352 669 616 747 promoveantur.

196 762 310 841 Qnure
334 766 406 830 lato
428 764 556 829 iuratur
579 763 669 827 felici
694 762 838 845 quodum
856 780 919 826 sno
941 762 1016 825 boec
1030 778 1085 824 urs
1099 758 1243 823 lotorum

152 864 351 945 indagatrix,
366 884 455 949 qnae,
469 884 545 929 cnm
560 864 641 930 olim
663 865 697 929 in
713 864 814 927 Itelin
836 863 984 927 floruerit
1007 868 1109 927 nacto
1126 860 1243 925 Caese·

151 984 225 1029 rum
240 968 423 1048 potentiam
446 985 486 1031 ec
509 966 632 1043 studio,
648 965 819 1029 meliorem
842 983 928 1028 nnnc
943 964 1045 1027 etium
1060 982 1101 1027 ac
1116 963 1244 1027 beatio-

151 1067 272 1131 nemin
286 1067 401 1133 Gallia
416 1068 601 1132 Lnnovror
620 1068 753 1133 Mrem
768 1067 896 1133 invenit
910 1071 1055 1131 aemtem.

194 1167 263 1231 Sed
289 1168 354 1230 sibi
374 1186 505 1251 quoqne
527 1169 704 1250 plurimum
723 1166 908 1250 gratuletur
931 1165 1102 1255 Mani-lius,
1124 1164 1243 1229 Soun-

151 1282 310 1331 nrssrnrn
341 1267 557 1346 Debemus,
587 1269 678 1353 qnod
708 1270 741 1333 in
767 1268 836 1332 tuis
864 1267 966 1349 regiis
989 1266 1142 1329 manibus
1164 1284 1242 1330 esse

150 1368 274 1451 possit,
288 1368 397 1451 iisqne
419 1374 452 1433 te
474 1369 573 1435 rebus
587 1369 751 1435 interdum
766 1370 945 1445 oblectere,
960 1369 1086 1452 quibus
1098 1366 1242 1449 regalem

150 1468 300 1532 animum
318 1488 338 1533 n
350 1470 558 1551 gravioribus
573 1472 661 1535 curis
675 1470 770 1535 retici
783 1489 848 1533 non
862 1469 1041 1548 dedeceut3
1059 1468 1244 1551 presertim

150 1586 229 1633 oum
257 1569 322 1633 bno
350 1570 404 1635 vel
433 1590 502 1635 nne
530 1576 611 1635 arte·
627 1571 803 1637 tractanda
831 1569 1129 1654 praestantissimas
1156 1569 1243 1633 olins

150 1688 287 1751 qnoque
301 1670 500 1753 complexus
514 1677 577 1749 est,
592 1690 678 1755 quas
692 1680 741 1749 tu,
755 1652 1016 1737 Sunnnrssrrrn
1027 1669 1243 1745 Dnenerne,

148 1770 329 1836 excellenti
344 1771 475 1853 ingenio
489 1774 731 1857 complecteris.

193 1869 326 1935 Etenim
353 1873 499 1938 delectat
524 1875 747 1957 geographie't
801 1871 891 1950 Quis
913 1873 1102 1936 universum
1130 1870 1243 1934 orbem

150 1978 210 2033 ent
241 1971 361 2036 olarios
391 1973 570 2057 descripsit
597 1980 655 2038 eut
675 1973 906 2055 ingeniosius?
961 1970 1050 2049 Quis
1073 1972 1242 2054 utriusque

149 2070 252 2152 globi,
284 2072 436 2137 coelestis
465 2093 505 2139 ec
542 2075 715 2151 terrestris,
754 2079 867 2155 partes
902 2076 1070 2155 partibus,
1099 2072 1243 2136 circulos

150 2171 286 2235 circulis
302 2174 459 2238 subtilius
474 2180 644 2256 comparat
658 2174 876 2257 explicatque
891 2175 1079 2238 amoenius?

193 2270 336 2336 Placent
364 2273 500 2351 fabulae,
529 2292 666 2355 quornm
702 2274 882 2339 involucris
909 2275 1084 2357 sapientiae
1114 2275 1240 2337 veritas

150 2369 390 2437 adumbratnrl
424 2371 513 2451 Quis
523 2372 631 2438 Podtu
647 2374 759 2456 plores
774 2374 920 2437 breviter
930 2374 1029 2437 simul
1045 2380 1079 2437 et
1090 2374 1242 2456 copiose,

148 2478 278 2536 remota
292 2475 382 2536 omni
394 2480 429 2538 et
443 2493 548 2538 rernm
559 2473 766 2558 turpitudine,
779 2479 813 2537 et
822 2474 996 2537 verborum
1008 2474 1241 2549 obscoeuitute,

149 2575 367 2657 conscripsit.

189 2674 303 2739 Juvat
317 2675 496 2741 illustrium
513 2677 654 2739 virorum
668 2695 722 2739 res
737 2675 901 2758 preclare
916 2680 1029 2756 gestas
1046 2675 1081 2738 in
1095 2676 1243 2754 historia,

149 2783 310 2860 tanquam
334 2777 367 2840 in
389 2777 539 2858 speculo,
555 2777 702 2840 intuerit
747 2775 834 2853 Quis
848 2774 1066 2839 laudabiliore
1085 2777 1243 2840 virtutum

148 2875 308 2958 exempla
321 2878 509 2958 proposuit,
525 2894 699 2958 moresque
724 2876 925 2959 populorum
943 2892 984 2940 ac
1000 2893 1111 2958 regum
1130 2874 1242 2937 studia

147 2975 332 3058 elegantius
354 2975 545 3058 expressitt
600 2973 687 3052 Quis
713 2993 756 3038 ea
781 2975 858 3057 styli
883 2977 1054 3055 gravitate,
1079 2976 1242 3039 sermonis

147 3079 336 3146 venustate,
360 3077 594 3140 sententiarum
617 3076 780 3153 ubertate,
803 3077 962 3140 carminis
981 3078 1152 3158 elegantia,
1174 3095 1242 3158 que

148 3173 325 3251 Manilius,
337 3174 447 3240 Polite
462 3177 547 3241 alins
561 3183 620 3239 unt
635 3173 755 3240 Orator
768 3175 920 3240 diversos
937 3195 1047 3252 cesus,
1062 3178 1121 3258 qni
1136 3177 1243 3239 bomi-

146 3278 245 3340 nibus
273 3278 306 3338 in
329 3276 398 3340 vite
430 3279 636 3358 contingunt,
664 3278 707 3341 ad
740 3295 838 3341 nsum
868 3282 966 3358 amne
997 3276 1241 3341 iustitutionem

149 3379 302 3440 omnium
317 3383 514 3458 prosecutus
532 3377 606 3440 estt

190 3476 308 3554 Quam
324 3496 403 3541 vero
418 3484 497 3560 epte
512 3479 609 3541 rebus
623 3478 778 3542 humanis
799 3495 839 3541 ac
855 3477 1067 3543 terrestribus
1082 3477 1242 3542 coelestes

31 3562 32 3573 ¹
149 3597 188 3642 nc
202 3578 337 3642 divinus
360 3578 516 3655 annectit,
531 3578 573 3642 ad
588 3597 713 3660 easque
735 3578 928 3643 sublimiore
941 3578 1074 3657 ingenia
1085 3576 1243 3642 traducit,

150 3678 227 3742 dnm
256 3680 474 3742 astronomiae
495 3680 591 3743 simul
614 3686 648 3742 et
668 3679 862 3759 astrologice
885 3677 1075 3742 reconditas
1097 3686 1186 3742 artes
1208 3686 1243 3741 et

34 3833 35 3846 2
150 3781 311 3846 scientias
328 3780 506 3861 expromit,
521 3786 622 3863 atque
639 3781 810 3862 utriusque
824 3780 990 3861 principie
1005 3780 1102 3842 docet
1116 3779 1243 3861 perspi·

150 3880 279 3944 ciendis
294 3881 461 3944 bominum
477 3879 567 3954 latis,
583 3899 660 3963 queo
676 3887 794 3964 regunt
808 3883 934 3957 orbem,
949 3879 1218 3945 accommodato!

193 3981 288 4044 Hinc
303 3998 428 4045 arcane
444 3979 590 4044 siderum
606 3981 742 4045 nomina
763 3982 934 4065 explanat,
948 3999 1118 4045 numerum
1133 3999 1243 4044 recen·

153 4089 213 4158 set,
228 4083 334 4146 situm
349 4081 518 4159 describit,
534 4081 657 4146 formes
679 4083 827 4166 depingit
849 4102 888 4147 ec
908 4081 1042 4163 ligurus,
1056 4100 1160 4163 genus
1176 4081 1246 4145 dis·

154 4185 287 4266 tinguit,
314 4189 471 4266 aspectus
495 4189 603 4261 notet,
629 4183 749 4264 gradum
774 4183 916 4260 metitur,
935 4201 1053 4247 cursus
1076 4183 1243 4260 observat,
