3067 4875
493 408 783 460 ASTRONOMIGON
810 412 884 460 lalB.
908 414 932 460 1.

167 546 365 631 Idcircoque
380 555 490 612 manet
505 550 650 627 stabilis,
665 551 746 634 quin
761 558 851 615 totus
868 554 911 617 ab
927 551 987 615 illo

166 648 379 712 Tantundem
393 648 512 731 refugit
524 650 688 715 muudus:
712 652 856 736 fecitque
872 652 1022 717 cadeudo

169 746 326 833 Undique
342 768 384 812 ue
395 749 537 814 caderet.
583 750 734 815 Medium
750 754 854 816 totius
869 760 904 816 et
920 753 1021 815 imum
1036 758 1101 815 eat.
1186 752 1250 817 17⁰

172 848 297 933 Ictaque
310 850 473 913 contractis
487 850 655 915 concinunt
671 872 800 936 corporo
810 850 928 938 plagis,

170 1076 243 1117 beses
253 1068 318 1117 ister
327 1082 406 1117 ornnes
414 1083 461 1118 res.
493 1069 525 1117 Et
536 1069 588 1117 ideo
599 1073 647 1117 not
658 1038 762 1131 iniusto,
773 1071 834 1133 prend
848 1074 913 1119 tetes
929 1071 1028 1119 medae
1037 1071 1126 1120 recedit
1213 1070 1219 1083 '

170 1131 250 1188 alsee,·
266 1137 291 1179 et
307 1134 366 1195 qaod
378 1132 459 1197 effecit
469 1133 617 1195 deprimendo
627 1132 843 1195 &putrescenti
858 1140 934 1195 perte.
951 1134 1087 1183 aeiaterias
1194 1139 1255 1181 star.

170 1194 214 1243 Est
231 1195 600 1246 munumentum.
632 1196 666 1245 ttr
682 1200 760 1245 cetero
775 1198 909 1260 sospem
922 1211 1032 1260 percuss
1046 1198 1134 1248 ictidas
1149 1196 1257 1247 breuibus

625 1368 741 1391 num!
745 1369 802 1391 uu

170 1524 211 1567 est
221 1516 289 1566 enisa
306 1516 443 1579 'unigena'
453 1516 566 1579 ejusdem
577 1516 666 1568 forme
678 1532 710 1568 ac
726 1516 889 1582 ‘indigenaz'
906 1515 952 1565 sed
964 1516 1002 1565 otl
1019 1513 1204 1578 'omnigenus'
1221 1518 1259 1567 lta

170 1581 248 1630 elisur
265 1581 416 1645 ‘unigenus’
432 1594 479 1645 pro
494 1581 667 1644 ‘unigenitus’
683 1582 744 1642 dici,
754 1581 795 1630 fes
813 1588 853 1630 ast
870 1590 899 1630 nt
915 1581 1057 1629 credamus.
1090 1580 1150 1629 vid.
1162 1581 1222 1629 loe.
1234 1584 1260 1630 ln

173 1644 247 1708 Frag.
258 1644 403 1693 etet-ton
420 1644 489 1695 aest.
506 1644 600 1706 Delpb.
617 1651 644 1694 et
656 1646 725 1707 vulp.
744 1646 774 1693 ab
789 1646 919 1694 illae-111
936 1643 1014 1693 Hunc
1024 1651 1053 1691 et
1063 1658 1099 1691 rs.
1108 1656 1161 1707 seq.
1173 1645 1260 1707 rejicl·

171 1708 252 1757 endor
264 1714 338 1769 putat
349 1709 428 1758 Bent.
460 1707 544 1757 ‘Vide
554 1708 630 1757 urodo
641 1709 700 1765 iste,
717 1714 744 1757 et
759 1709 835 1758 litere
844 1708 934 1757 sedern
947 1715 986 1756 ter
998 1706 1102 1766 iterata,
1112 1714 1140 1757 et
1150 1708 1261 1769 syllaba·

170 1786 226 1819 ruso
239 1774 362 1835 paritate,
372 1770 510 1832 detorruia3
526 1772 792 1822 cemmeticensium
805 1786 911 1833 corporo,
921 1786 979 1820 cunr
991 1771 1055 1819 alias
1066 1770 1260 1821 rotundissimos

171 1848 262 1884 versus
273 1837 370 1885 Noster
381 1834 495 1898 effingat.
534 1835 602 1887 Quid
621 1835 688 1899 quod
707 1836 762 1885 bec
804 1834 989 1885 recedentibus
1006 1835 1169 1898 repugnent?
1201 1836 1261 1885 Nou

170 1898 238 1947 enirn
256 1914 290 1947 ea
308 1901 434 1948 sententia
455 1899 585 1953 Auctoris,
603 1899 706 1958 ictibus,
726 1850 977 1962 pinginniacensis
995 1903 1065 1947 terra
1083 1899 1109 1947 in
1128 1899 1206 1948 intuor
1228 1900 1261 1949 ab

170 1963 224 2025 igni
234 1971 262 2012 et
273 1963 369 2013 arbore
386 1964 517 2027 compulsa
536 1969 594 2023 est3
610 1961 655 2013 sed
667 1963 733 2027 ignis
744 1970 771 2013 et
784 1963 865 2013 ether
878 1968 970 2026 sponte
980 1975 1026 2011 soa
1036 1969 1062 2012 et
1073 1962 1187 2027 ingenita
1197 1964 1262 2013 levi-

666 2138 772 2191 Nom

204 2258 252 2303 lte
268 2252 379 2317 Stabilis]
393 2254 484 2305 Thales
495 2253 612 2304 Milesios
623 2257 696 2315 puta·
736 2267 805 2301 nrum
821 2253 914 2310 loconr,
935 2253 968 2303 ad
986 2268 1061 2317 quesn
1080 2268 1168 2305 omnes
1185 2262 1262 2306 serra

171 2328 210 2376 vit
226 2335 323 2378 terrem
342 2330 414 2393 aqols
427 2336 606 2393 supernatare,
621 2334 699 2389 etque
736 2335 823 2390 partes
852 2335 945 2391 sponte
978 2327 1126 2391 tenderent,
1152 2329 1264 2381 credidit

172 2402 207 2452 ab
224 2405 256 2454 iis
275 2406 414 2456 sustentari
433 2418 466 2455 ne
485 2402 598 2454 decidat.
622 2402 701 2463 Diog.
736 2400 803 2450 hunc
823 2416 880 2451 esse
901 2410 979 2450 terras
1001 2403 1144 2453 naturalem
1169 2404 1264 2465 locum,

173 2479 262 2529 [ήδη.
272 2494 292 2530 ι.
300 2481 466 2544 Anaxagoras
476 2479 555 2531 voluit
565 2485 659 2528 terrem
667 2475 699 2524 ab
737 2475 813 2538 uude,
824 2477 871 2526 uisi
889 2477 961 2526 illata
972 2477 1005 2539 ri,
1016 2477 1107 2529 abduci
1118 2495 1165 2542 per
1176 2489 1263 2544 partes

171 2553 232 2603 aire
254 2556 390 2618 supposito
406 2554 538 2616 sustineri,
555 2566 630 2618 quern
648 2553 702 2601 lata
737 2552 815 2601 etiarn
827 2553 976 2615 nonpossit.

172 2642 219 2677 sua
237 2627 324 2693 figora
342 2631 538 2694 circumprimit.
567 2629 647 2690 Diog.
668 2641 700 2676 tt.
771 2630 817 2677 l'll
830 2629 1069 2691 lctopsecsatroctt's.
1080 2629 1135 2691 do]
1152 2629 1193 2679 Ad
1205 2631 1265 2694 Ept-

172 2702 304 2753 Pltilolaus
315 2711 407 2754 terrain
416 2704 449 2754 ad
460 2713 557 2753 motum
568 2703 643 2767 priori
651 2715 701 2751 oro·
737 2701 794 2750 curi
805 2701 960 2762 doctrinam,
971 2704 1015 2767 qui
1029 2703 1111 2766 plegio
1125 2717 1156 2752 oc
1172 2703 1266 2753 ictibus

173 2777 232 2827 bilis
243 2779 341 2828 moveri
353 2779 429 2829 dixit.
446 2780 525 2842 Diog.
535 2792 595 2827 vrrs.
605 2779 702 2827 Demo·
738 2782 881 2825 atomorum
894 2790 935 2825 res
946 2777 1092 2826 coalescere
1109 2775 1206 2827 docuit.
1231 2777 1266 2825 Et

174 2852 254 2902 eritne
266 2854 479 2904 docuittcllurenr
489 2854 562 2903 initio
574 2851 702 2917 quondam
739 2865 790 2914 quo
801 2847 960 2913 frequentior
975 2851 1042 2900 ictus
1058 2865 1088 2900 ac
1105 2853 1266 2912 repercussio

174 2925 254 2976 t'oisse
263 2928 380 2977 locelitsr
387 2928 582 2991 sartam,doncc
590 2943 636 2976 sua
645 2941 702 2989 gra·
738 2935 826 2977 mutua
834 2928 912 2988 foret,
922 2942 954 2978 eo
965 2937 1117 2978 reserentes
1128 2943 1161 2976 ex
1173 2930 1203 2977 ils
1214 2945 1266 2978 sna·

175 3002 256 3051 vitate
274 3002 439 3066 ponderosior
457 3002 610 3052 subsederit.
625 3000 703 3063 Diog.
739 3003 778 3066 gis
795 3004 937 3053 consistere
955 3011 983 3052 et
1005 3002 1158 3052 consolidari
1178 3003 1267 3052 rolnit.

175 3090 215 3126 rx.
236 3076 390 3126 Heraclides
397 3077 493 3126 moveri
502 3076 604 3140 quidem
614 3075 703 3130 voluit.
740 3080 871 3135 Ecoutra,
888 3094 939 3141 qno
954 3077 1110 3142 longioribus
1122 3078 1266 3128 intervallis

176 3150 220 3200 sed
239 3165 325 3215 neque
342 3151 367 3199 in
379 3151 468 3201 orbern
480 3165 563 3215 neque
577 3150 704 3199 localiter·
740 3167 796 3203 sess
804 3161 1002 3216 repercuterent
1010 3161 1037 3202 et
1046 3162 1210 3202 occurrerent
1218 3154 1268 3202 sibi

175 3225 499 3276 t’tnraretrarrmtaers.
518 3225 703 3274 dacrsoautem
740 3234 830 3276 mutuo
849 3227 937 3291 aterni,
958 3241 990 3277 eo
1009 3240 1051 3275 res
1071 3234 1206 3275 concretes
1227 3239 1267 3275 ra·

176 3302 314 3364 scripture
337 3314 382 3350 nos
402 3300 496 3350 docent
517 3307 611 3349 terrani
634 3306 704 3348 stare
739 3315 841 3351 resuere
853 3303 1037 3363 magisantt.
1055 3300 1173 3350 ‘Partica
1186 3301 1267 3351 inter.

176 3377 317 3425 immotam.
741 3373 1043 3436 rellissnagnisconllicta
1052 3375 1192 3425 resultant:
1204 3377 1268 3425 Pers

209 3449 275 3505 Quis
290 3454 362 3508 bles,
375 3447 428 3512 bn]
445 3449 488 3499 sle
504 3449 705 3513 Anaximander,
740 3451 820 3499 etiarn
838 3450 960 3500 brevibus
980 3451 1070 3514 spetlis
1090 3458 1216 3500 vexantur
1235 3452 1268 3500 ab

177 3523 285 3572 testibus
306 3522 439 3572 Plutarch.
457 3531 485 3573 et
506 3523 587 3587 Diog.
607 3523 705 3587 citatis,
741 3527 809 3585 lctn3
823 3525 1269 3589 thuecnmqneroagis.’&c.Volr

176 3598 277 3662 annuit
285 3605 429 3658 terram,ex
438 3611 488 3660 qno
496 3599 576 3646 semel
587 3598 704 3648 inmedio
741 3599 819 3663 igitur
830 3601 953 3650 Manilius
971 3601 1029 3649 ideo
1042 3607 1136 3649 torreor
1148 3602 1174 3649 iu
1183 3598 1268 3648 medio

176 3673 265 3723 muudi
286 3673 339 3721 sisa
357 3677 409 3734 est,
426 3673 464 3723 ita
480 3687 509 3723 se
529 3672 650 3722 babuisse
672 3673 704 3722 ad
741 3673 829 3723 mnudi
853 3674 972 3723 stabilem
1000 3674 1152 3734 consistere,
1179 3687 1211 3722 ers
1236 3685 1269 3721 eo

174 3748 259 3796 omnis
271 3753 397 3809 extrema,
412 3753 509 3796 etcum
524 3760 574 3796 uon
586 3752 655 3795 esset
665 3761 705 3796 ra·
740 3747 808 3812 qood
820 3759 921 3799 cuncta
932 3749 999 3798 illius
1018 3757 1107 3812 partes
1118 3763 1171 3811 pre
1183 3748 1269 3810 graei-

176 3823 213 3872 tio
228 3837 275 3873 cor
285 3823 312 3871 in
323 3823 388 3873 banc
400 3823 497 3885 potius,
507 3837 582 3888 quam
600 3823 626 3871 lo
636 3822 705 3871 illarn
741 3830 796 3872 tete
816 3838 860 3872 sna
876 3824 915 3874 ita
932 3837 960 3872 aa
978 3833 1066 3873 mutuo
1084 3824 1155 3886 quasl
1173 3822 1267 3873 ictibus

175 3905 277 3962 partem
288 3897 397 3959 feratur,
407 3897 442 3946 ibi
462 3897 563 3946 interitu
581 3898 653 3960 quasi
671 3911 705 3946 ss·
741 3896 861 3947 brevibus
887 3899 1049 3961 propulsent,
1073 3897 1133 3944 dom
1155 3895 1187 3945 ad
1209 3909 1268 3944 cen·

133 3983 135 3986 ’
175 3976 232 4038 qula
246 3973 404 4038 ponderibus
416 3973 510 4023 librata
520 3981 630 4023 ruanest.
741 3978 809 4022 troni
831 3972 919 4021 rnuudi
939 3971 1055 4026 tendunt,
1078 3977 1107 4019 ot
1123 3970 1187 4033 ipse
1210 3985 1267 4022 sese

209 4055 256 4100 lto
282 4050 393 4100 Medias·
415 4049 489 4098 toties
511 4054 535 4098 et
561 4049 634 4097 inrum
656 4046 704 4111 erl]
740 4056 829 4098 mutuo
847 4047 992 4110 cohibeant,
1011 4053 1038 4096 et
1049 4045 1190 4110 impediant
1200 4047 1269 4096 ultro

175 4126 243 4176 Qua
252 4124 403 4175 Arlstctelis
412 4125 477 4173 ratio
488 4121 547 4172 t'uit.
563 4123 628 4173 conr
637 4123 705 4172 enirn
740 4125 857 4190 citroque
867 4123 948 4174 abira.

174 4201 325 4266 opinaretur
343 4198 456 4249 medlonr
471 4198 558 4248 usundi
575 4211 632 4248 esse
648 4197 704 4270 inti·
