3067 4875
508 896 963 977 SERENISSIMO

280 1151 1184 1277 DELPHINO

643 1442 680 1506 S.
712 1443 752 1506 P.
786 1444 832 1508 D.

469 1686 726 1765 MICHAEL
764 1690 844 1767 DU
883 1693 1006 1771 FAY.

587 1965 888 1979 ffi—

191 2187 326 2279 Quan
344 2212 423 2277 olim
439 2213 611 2278 coelestem
626 2214 803 2279 scientiam
817 2233 992 2281 numeroso
1007 2217 1179 2280 verborum
1193 2234 1283 2280 nexu

190 2315 415 2379 constrictam
438 2313 592 2396 Augusto
622 2314 749 2380 Caesari
776 2315 902 2380 dicavit
939 2315 1114 2392 Manilius,
1142 2315 1283 2380 eandem

190 2432 283 2479 nnnc
299 2415 372 2492 tibi,
395 2414 653 2480 sarrsrssrnr
669 2416 886 2493 Dunenrun,
907 2436 972 2480 non
996 2414 1097 2480 modo
1120 2416 1192 2480 suis
1210 2434 1283 2481 ver·

189 2513 313 2578 borum
329 2514 473 2578 vinculis
488 2514 645 2593 solutam,
659 2515 718 2578 sed
735 2523 768 2580 et
782 2515 884 2582 variis
897 2519 998 2580 etiam
1010 2516 1211 2580 illustratam
1224 2536 1284 2580 an-

191 2616 435 2692 notationibus,
452 2623 485 2678 et
500 2617 593 2680 novis
608 2615 720 2697 figuris
733 2617 972 2699 locupletatam
987 2635 1231 2680 consecramus.

240 2715 355 2798 Atque
379 2715 413 2778 id
436 2735 502 2780 nos
526 2735 567 2780 eo
590 2717 709 2800 majori
734 2717 859 2782 fidncia
879 2717 1034 2793 facimus,
1048 2716 1138 2799 quod
1164 2716 1283 2798 regalis

192 2814 379 2897 disciplina
403 2815 475 2882 baec
501 2817 562 2880 tibi
587 2817 665 2880 olim
691 2817 802 2880 orbem
816 2825 968 2880 terrarum
982 2821 1115 2880 recturo
1127 2815 1284 2896 gloriatur

191 2915 370 2995 famulari3
393 2925 427 2981 et
448 2917 515 2980 sibi
538 2935 574 2980 se
596 2924 753 2997 tauquam
782 2916 939 2997 gentilem
964 2921 1067 2991 tuam,
1087 2914 1150 2978 boc
1176 2921 1241 2991 ast,
1262 2933 1285 2978 a

191 3018 328 3097 paterni
341 3018 549 3099 maternique
562 3018 691 3098 generis
706 3016 899 3081 auctoribus
913 3013 1089 3095 magnifice
1102 3013 1283 3091 excultam,

192 3116 301 3180 subse
322 3118 517 3199 gratulatur.

241 3215 289 3280 Ut
317 3219 405 3281 enim
439 3219 601 3282 sileantur
630 3223 756 3282 vetares
786 3215 837 3281 illi
869 3215 1050 3298 principes,
1078 3218 1135 3299 qui
1165 3222 1287 3299 praeter

194 3323 328 3380 ceteros
343 3317 546 3382 artem-hanc
571 3315 799 3392 excoluerunt,
815 3314 935 3379 Moses
949 3315 1020 3377 dux
1033 3317 1152 3397 populi
1165 3317 1286 3396 tidelis,

194 3417 301 3481 Belus
327 3418 602 3498 Babyloniorum,
624 3417 824 3482 Zoroastres
843 3416 1109 3492 Bactrianorum,
1129 3415 1287 3500 Assyrio·

193 3535 338 3598 rumque
353 3525 387 3580 et
400 3516 635 3582 chaldeorum
650 3517 764 3599 Reges
779 3535 844 3578 non
858 3515 976 3597 panci;
998 3516 1073 3598 quis
1093 3517 1200 3580 nescit
1214 3515 1287 3580 Ro·
1373 3599 1376 3604 Ι

194 3634 317 3680 manos
332 3615 552 3700 imperatores
567 3616 760 3694 Adrianum,
775 3616 944 3681 Tiberium
970 3622 1005 3678 et
1029 3615 1219 3696 Augustum
1242 3604 1291 3679 eo‘

196 3716 330 3780 animos
344 3723 379 3780 et
395 3717 508 3781 studia
521 3717 711 3792 contulisse,
725 3717 785 3779 sed
800 3715 952 3798 inprimis
965 3715 987 3778 J
990 3714 1090 3778 ulium
1106 3713 1285 3792 Caesarem,

197 3817 258 3898 qni
285 3815 495 3898 disciplinam
520 3818 607 3880 hanc
634 3814 747 3878 media
765 3817 866 3880 etiarn
893 3817 978 3880 inter
1000 3834 1093 3879 arma
1120 3833 1288 3897 nusquam

198 3915 374 3994 dimiserit,
389 3925 428 3980 nt
442 3919 516 4002 ipse
530 3917 572 3982 de
587 3935 624 3996 se
638 3921 776 3980 testatur
788 3915 880 3998 apud
896 3915 1088 3980 Lucanum:

661 4014 779 4081 Media
799 4017 881 4080 inter
901 4015 1021 4098 praelia
1040 4033 1170 4096 semper
1231 4021 1233 4025 ’

308 4121 485 4184 Stellarum
507 4120 656 4204 coelique
678 4118 785 4201 plagis
807 4118 1006 4200 superisque
1029 4116 1158 4180 vacavi.
1234 4173 1235 4176 ,

264 4236 354 4302 Detpt.
364 4243 388 4287 et
403 4236 461 4286 Vas.
473 4237 540 4304 Clusg
712 4234 801 4284 nau.
1198 4229 1222 4278 Α
