3067 4875
518 366 556 415 a.
581 364 678 414 surm
702 364 880 414 srusrrn.
1200 352 1243 415 17

158 508 384 575 structissimoe
397 506 617 574 Biottouseoe
633 526 708 574 cum
724 509 905 572 illustrium
919 506 1075 572 Virorum
1097 508 1243 593 Schoep·

158 610 229 675 uini
242 617 276 675 et
292 608 441 687 Brunkii,
463 617 531 675 tum
555 609 662 674 Almae
685 615 818 673 nostrae.
863 608 988 691 Magno
1009 610 1150 673 fatemur
1168 611 1244 674 iilo·

158 730 226 776 mm
241 713 360 793 ingenii
374 716 584 775 monumenta
598 710 695 773 nobis
710 711 788 773 usui
802 710 926 788 tuisse,
946 729 1184 794 nonnunquam
1207 720 1244 776 et

159 812 250 875 senio
279 811 378 893 longe
407 810 536 893 majori.
580 808 792 892 Quapropter
819 809 947 873 selecta
980 818 1105 877 tantum
1137 830 1244 877 rerum

159 912 269 994 capita
293 910 371 975 dare
394 911 516 992 risum,
542 910 642 975 modo
674 911 760 992 ipsis
791 918 965 975 auctorum
989 913 1111 990 verbis,
1141 914 1243 977 modo

159 1012 278 1075 uostris
295 1015 470 1093 concepta.
514 1010 637 1095 Itaque
654 1030 718 1075 non
741 1029 856 1075 omues
878 1018 912 1076 et
934 1013 1082 1094 singulas
1102 1014 1245 1078 aliorum

159 1113 386 1177 annotationes
400 1112 434 1175 in
448 1116 561 1177 nostm
579 1112 812 1177 commentario
833 1114 994 1195 requiras,
1015 1112 1074 1177 sed
1096 1115 1246 1195 exquisi-

158 1221 229 1293 ειη
251 1228 363 1295 neque
383 1211 446 1277 has
467 1212 599 1276 omnino
621 1212 780 1295 integras,
801 1214 968 1296 siquidem
982 1216 1154 1279 ruborum
1168 1234 1246 1298 pro-

158 1312 288 1377 fusione
305 1312 360 1378 rel
373 1310 580 1395 conjectandi
600 1313 784 1377 temeritate
805 1332 873 1377 uon
892 1332 967 1379 raro
986 1314 1166 1392 molestas,
1185 1314 1246 1379 sed

159 1414 366 1492 crumenas,
390 1410 566 1477 nonnullus
594 1432 730 1497 quoque
758 1417 908 1499 pressius
937 1416 1246 1498 penmcuiattusque

159 1512 342 1592 dissonas,
366 1532 489 1598 easque
511 1513 613 1597 juxta
638 1534 711 1581 cam
735 1517 854 1581 nostris
877 1518 912 1579 iu
936 1517 1049 1581 liberae
1073 1523 1246 1601 castusque

159 1614 294 1679 rationis
308 1613 429 1678 incude
442 1615 495 1679 bis
508 1619 599 1679 terve
609 1635 757 1682 recusas.
799 1616 968 1695 Quocirca
983 1624 1022 1681 ut
1034 1615 1190 1682 volumen
1203 1635 1247 1683 ne

158 1720 337 1797 peteretur,
349 1732 436 1779 neas
450 1714 494 1778 ad
508 1716 771 1797 cognoscendam
787 1719 956 1783 veritamm
970 1719 1070 1798 longo
1083 1717 1170 1781 foret
1182 1718 1247 1782 tibi

161 1817 394 1881 minutiarum
428 1816 579 1882 momen
615 1818 772 1897 eundum,
801 1822 834 1884 ia
863 1819 978 1901 primis
1005 1818 1139 1882 cavisse
1165 1817 1247 1881 mihi

159 1916 287 1981 rideor.
330 1916 506 1999 Siquidem
522 1936 591 1981 nou
605 1920 751 1983 omnium
766 1919 1025 2003 aspernantem
1042 1919 1153 1985 houm
1174 1919 1248 2002 opi·

159 2016 421 2099 nicaenaeque
445 2036 511 2081 uuo
532 2018 587 2082 vel
615 2020 722 2083 ulter-o
750 2020 866 2101 plures
894 2017 1043 2103 ejusdem
1071 2020 1247 2107 sententia

159 2122 260 2181 testes
285 2116 472 2196 oumuiari3
492 2136 534 2181 eo
554 2117 657 2199 quod,
679 2119 731 2183 uti
749 2119 879 2183 Plinius
893 2121 951 2196 sit,
973 2120 1167 2183 ‘sententies
1181 2134 1249 2184 uon

160 2219 383 2292 numerandae,
399 2216 459 2281 sed
475 2218 696 2301 ponderandas
710 2217 808 2283 sunt?
834 2217 1019 2284 Auctomm
1033 2220 1165 2284 nomina
1175 2219 1248 2283 suis

162 2336 306 2401 quaeque
332 2318 554 2382 notationibus
584 2318 749 2382 ascribere
772 2318 882 2381 risum
907 2337 972 2382 non
1000 2324 1075 2381 eet:
1108 2325 1178 2383 tum
1205 2336 1248 2381 no

161 2418 335 2500 gloriolam
364 2423 499 2502 captare
530 2416 699 2482 videamur
727 2419 870 2497 nostris;
891 2422 958 2482 tum
980 2437 1062 2482 vero
1083 2424 1130 2496 ut,
1156 2418 1248 2503 quod

162 2518 286 2584 dudum
305 2517 453 2582 Muretus
476 2518 559 2582 scite
581 2517 753 2601 proecepit,
776 2518 867 2602 ‘ejus
882 2520 974 2601 quod
991 2519 1109 2584 dicitur
1122 2521 1248 2604 potius,

162 2639 261 2703 quam
276 2618 337 2703 qui
362 2619 453 2694 dicit,
478 2619 560 2682 ratio
575 2617 762 2682 habeatur?
785 2638 826 2682 ne
839 2617 995 2684 videlicet
1018 2620 1246 2684 adolescentes

161 2739 279 2803 parum
294 2719 385 2784 cauti
404 2725 567 2782 tantorum
582 2721 723 2783 virorum
738 2719 937 2784 auctoritate
953 2728 1157 2791 moveantur,
1176 2720 1249 2783 nul·

161 2821 298 2904 lumque
313 2820 489 2884 discrimen
505 2819 649 2899 taciant;
671 2838 788 2901 neque,
810 2827 850 2882 ut
868 2819 917 2882 ait
941 2818 1100 2897 Lucilius,
1121 2821 1249 2900 signent

163 2923 240 2986 alba
271 2922 373 2996 linea,
404 2920 584 3002 prmsertim
612 2937 686 2983 oum
714 2917 885 2983 videamus
914 2919 1062 3001 quotidie
1099 2920 1249 2983 homiues

26 3047 27 3102 r
162 3030 281 3086 natura
295 3026 332 3082 et
345 3037 406 3082 usu
427 3018 619 3100 prudentes,
641 3025 674 3083 et
693 3018 750 3099 qui
771 3019 804 3082 in
824 3018 899 3081 istis
919 3018 1088 3082 meliomm
1100 3018 1250 3102 discipli·

26 3151 27 3164 2
163 3141 278 3185 uarum
309 3118 428 3184 studiis
456 3118 599 3182 familias
625 3117 797 3181 creduntur
824 3117 956 3194 ducere,
979 3120 1026 3182 its
1051 3137 1145 3201 saepe
1168 3119 1248 3201 quid

163 3223 341 3285 humanum
365 3221 447 3300 pati,
464 3225 500 3282 ut
515 3220 567 3283 sui
583 3218 716 3300 penitus
732 3218 827 3282 obliti
842 3237 926 3297 esse,
941 3226 977 3282 et
992 3218 1121 3282 illorum
1135 3221 1248 3302 potius

164 3319 373 3397 temeritatis,
382 3338 480 3401 quam
494 3320 665 3402 imperitiis
677 3319 852 3384 scribenda
864 3320 942 3383 dica
954 3318 1116 3383 videatur.
1161 3320 1248 3385 Haeo

163 3422 343 3486 verissima
358 3427 435 3483 sunt
454 3418 622 3484 Carrionis
643 3421 754 3496 verbs,
768 3420 890 3502 quibus
909 3420 991 3484 illud
1010 3419 1132 3485 Mureti
1146 3422 1249 3485 moni·

26 3549 27 3566 ¹
102 3573 104 3576 .
165 3530 235 3586 tum
250 3521 378 3602 egregie
394 3519 574 3584 confirmat.

208 3619 351 3703 Proprie
364 3637 442 3682 voro
464 3619 537 3684 luce
550 3607 679 3684 r'adiant
692 3621 776 3686 iuter
789 3621 1016 3684 annotationes
1031 3621 1186 3702 quaedam
1206 3620 1249 3684 ad

166 3705 362 3786 difficillima
375 3717 467 3783 Libri
484 3720 710 3803 1.loca,quas
733 3740 796 3785 suo
818 3722 1012 3785 acutissimo
1037 3721 1250 3802 politissimo-

167 3843 231 3904 que
254 3820 385 3902 ingenio
407 3819 596 3885 elaboratas
619 3823 780 3886 benevole
800 3822 898 3885 nobis
917 3821 1178 3885 subministravit
1196 3839 1251 3883 ce·

167 3921 360 3986 leberrimus
375 3920 409 3983 in
423 3919 523 3984 Alma
536 3929 649 3986 nostre
663 3920 901 3987 Mathematum
916 3921 1090 3986 Professor
1105 3919 1252 3983 Bracke-

169 4023 326 4100 uoticrus,
354 4020 413 4104 qui
443 4029 602 4102 praeteres
629 4023 777 4088 consitio
804 4023 1046 4103 luminibusque
1085 4022 1155 4086 suis
1189 4041 1252 4086 nos

232 4137 354 4202 omna
370 4135 505 4187 Vacua.
673 4138 760 4186 Massi.
1165 4136 1187 4184 n
